2776 4502
171 268 231 331 108
588 264 645 315 nn
664 263 802 317 osricus

171 423 271 485 omnia
285 427 454 482 tenerentur
467 437 563 498 neque
577 427 656 480 esset
670 437 797 498 usquam
812 416 936 479 consilio
953 426 1003 479 aut
1014 418 1178 480 auctoritati
1188 419 1234 480 lo-

170 527 237 580 ono,
254 507 351 567 socios
367 505 493 584 denique
506 504 633 564 tuendae
646 505 688 565 rei
703 503 844 583 publicae,
861 523 996 565 summos
1011 504 1100 577 viros,
1116 504 1234 564 amisis-

171 611 249 666 sem,
265 609 321 652 nec
336 609 383 651 me
399 589 558 668 angoribus
573 588 683 662 dedidi,
705 588 811 668 quihus
827 606 924 649 essem
940 591 1106 662 confectus,
1126 589 1183 649 nisi
1198 589 1234 650 iis

171 676 359 750 restitissem,
389 694 443 736 neo
468 692 587 736 rursum
613 674 740 752 indignis
767 672 887 733 homine
913 674 1000 734 docto
1025 674 1235 753 voluptatibus.

135 776 150 823 3
170 763 265 840 Atque
279 761 389 822 utinam
405 779 454 821 res
469 759 583 839 publiea
597 758 803 837 stetissetque
819 766 954 838 coeperat
969 766 1047 820 statu
1062 759 1163 820 necin
1177 760 1234 819 ho-

170 847 266 908 mines
282 864 345 906 non
361 853 420 906 tam
435 842 708 905 commutandarum
726 861 812 922 quam
829 844 1052 905 evertendarum
1066 862 1167 905 rerum
1182 862 1234 905 cu-

170 932 257 1011 pidos
268 927 432 991 incidisset!
448 929 582 990 Primum
593 928 681 1002 enim,
693 936 726 989 ut
736 935 832 990 stante
845 928 999 1008 republica
1011 930 1105 990 facere
1118 929 1235 989 soleba·

169 1034 248 1088 mus,
258 1015 289 1076 in
301 1015 412 1094 agendo
424 1015 591 1094 plusquam
603 1013 802 1074 inscribendo
815 1032 920 1093 operae
930 1032 1119 1094 poneremus,
1130 1013 1235 1074 deinde

170 1100 244 1180 ipsis
260 1100 376 1179 scriptis
391 1117 454 1160 non
469 1118 515 1173 ea,
532 1117 605 1178 qnae
619 1116 712 1172 nunc,
728 1098 780 1158 sed
797 1098 927 1159 actiones
942 1107 1061 1159 nostras
1076 1098 1234 1159 mandare-

165 1204 253 1259 mus,
273 1192 307 1245 ut
326 1203 414 1263 saepe
434 1184 565 1244 fecimus.
596 1183 669 1244 Cum
685 1191 782 1244 autem
797 1201 844 1244 res
860 1183 993 1263 publica,
1017 1183 1047 1244 in
1062 1202 1118 1262 qua
1134 1183 1251 1243 omnisx

133 1270 237 1347 4,mea
253 1288 330 1340 cura,
345 1269 494 1347 cogitatio,
511 1288 599 1347 opera
613 1268 686 1347 poni
701 1267 821 1340 solebat,
836 1269 913 1329 nulla
929 1277 1007 1329 esset
1022 1267 1153 1342 omnino,
1169 1267 1234 1328 illae

13 1350 111 1447 ΜΛ,
154 1349 279 1431 ῘεοίΙίοθῑ
296 1354 407 1414 litterae
428 1354 632 1415 continuerunt
651 1356 784 1414 forenses
806 1360 834 1414 et
854 1354 1024 1415 senatoriae.
1054 1352 1132 1412 Nihil
1148 1371 1234 1431 agere

121 1446 269 1544 ‘autem
288 1456 356 1500 oum
372 1438 489 1500 animus
504 1457 566 1499 non
580 1447 697 1517 posset,
716 1438 747 1498 in
767 1437 814 1498 his
835 1437 940 1500 studiis
955 1438 990 1499 ab
1005 1437 1088 1498 initio
1100 1446 1234 1499 versatus
1282 1499 1297 1517 ,
1373 1434 1374 1447 ’

13 1454 115 1611 Q
170 1523 271 1584 aetatis
287 1522 448 1585 existimari
462 1523 673 1584 honestissime
686 1523 834 1585 molestior
847 1541 937 1602 posse
953 1523 1076 1602 deponi,
1093 1519 1118 1583 si
1134 1542 1183 1583 me
1197 1522 1234 1583 ad

170 1609 389 1688 philosophiam
406 1609 593 1669 rettulissem.
621 1604 673 1670 Gui
690 1627 756 1669 cnm
774 1608 899 1668 multum
915 1608 1085 1676 adulescens
1102 1607 1234 1670 discendi

170 1712 257 1755 causa
268 1693 411 1773 temporis
423 1693 599 1768 tribuissem,
611 1701 715 1773 postea
727 1710 814 1772 quam
825 1693 988 1754 honoribus
1000 1692 1140 1753 inservire
1148 1691 1233 1772 coepi

169 1797 276 1858 meque
288 1787 385 1840 totum
402 1778 444 1839 rei
459 1779 593 1857 publicae
606 1780 725 1854 tradidi,
745 1785 860 1839 tantum
875 1786 936 1839 erat
949 1777 1153 1858 philosophiae
1166 1776 1233 1850 loci,

92 1935 95 1940 Δ
169 1870 310 1942 quantum
325 1866 511 1943 superfuerat
522 1865 684 1926 amicorum
696 1875 725 1926 et
736 1862 921 1942 reipublicae
930 1862 1065 1941 tempori.
1088 1862 1120 1922 ld
1132 1869 1233 1923 autem

203 2018 286 2065 socios
299 2016 457 2065 amisissem:
469 2016 500 2067 ad
513 2015 569 2066 fam.
582 2015 624 2078 IV,
640 2016 671 2066 13
726 2031 815 2069 raneos
827 2019 853 2064 et
863 2016 1007 2065 senatoriae
1020 2014 1100 2079 zeigt‚
1118 2014 1163 2064 das
1176 2014 1230 2064 sind

169 2098 244 2133 ocreo
262 2097 320 2132 cum
333 2082 554 2147 familiarissimis
574 2085 670 2150 moitis,
725 2085 765 2134 dic
778 2078 1097 2147 nufg'ezeiohuetenlieden
1115 2099 1163 2133 vor
1176 2083 1230 2132 dem

169 2166 232 2216 quos
253 2154 300 2201 atet
318 2165 391 2201 more
411 2153 510 2218 eripuit
530 2154 604 2202 nobie
625 2157 673 2202 aut
725 2151 808 2203 Volhe
820 2152 871 2200 und
883 2149 984 2200 Senate.

169 2219 379 2283 dhhmtsuga,
387 2223 441 2270 tum
451 2222 568 2271 omnihus
577 2222 672 2285 mrim,
760 2220 857 2269 scilicet
866 2246 901 2254 -
912 2221 1098 2270 conticuerunt.
1122 2218 1170 2269 Mit
1181 2217 1230 2268 lle-

168 2301 277 2352 auorum
314 2285 513 2338 immolandam
545 2288 671 2352 quondam
726 2287 864 2350 signation:
882 2287 1043 2339 siemussten
1056 2286 1230 2337 freilichrer-

168 2354 317 2405 connii'orat
331 2370 430 2421 peram
444 2354 572 2434 quondum
583 2354 672 2421 defen·
726 2362 857 2405 stumnren.
900 2424 906 2435 ι
1006 2385 1009 2389 -
1102 2348 1110 2371 s

61 2516 73 2527 ,
169 2422 671 2554 diffudit,liulfiltll
759 2420 1229 2558 lusciosis-,thius

167 2558 228 2609 Pom
245 2558 314 2623 ejus,
330 2557 359 2609 P.
371 2558 495 2608 Servilius
513 2560 563 2608 und
579 2560 671 2624 Andre,
724 2574 784 2609 rum
802 2560 926 2627 ternpori:
946 2559 978 2607 de
996 2559 1045 2608 div.
1060 2557 1090 2620 ll,
1107 2557 1131 2620 2,
1150 2559 1164 2607 7
1181 2561 1229 2608 tri-

166 2626 205 2675 die
221 2574 286 2675 ihil.
302 2624 336 2689 ll,
350 2627 379 2690 5,
395 2625 425 2674 12
442 2626 587 2689 uufgeziihlt
602 2642 669 2676 wor—
724 2626 824 2677 luenda
835 2632 876 2676 ost
890 2641 970 2696 opera
987 2630 1028 2678 rai
1041 2627 1169 2695 publicae,
1180 2644 1228 2676 -.·

165 2695 220 2743 don.
635 2741 636 2744 ,
724 2697 826 2744 inritum
845 2695 903 2745 kuic
925 2694 1011 2744 studio
1028 2693 1227 2760 relinquendum,

199 2763 354 2824 erigendus.-
371 2754 435 2809 iiber
447 2761 494 2810 den
510 2761 596 2812 Plural
613 2776 636 2811 a.
650 2761 669 2824 l,
724 2766 849 2828 pometum
865 2765 965 2813 vocabit
983 2763 1017 2811 α’
1039 2761 1119 2812 abdico
1140 2762 1227 2827 officio

168 2826 208 2891 13,
221 2827 262 2876 41.
723 2833 750 2879 ei
764 2845 877 2880 munero.
903 2831 927 2879 in
945 2778 1041 2878 cdeoils
1052 2827 1091 2891 13,
1103 2829 1136 2878 40
1154 2844 1229 2879 omno

198 2910 314 2961 rursum,
326 2895 494 2957 andrenseits3
508 2897 540 2946 de
549 2911 586 2946 or.
596 2896 615 2962 l,
625 2896 667 2962 24,
723 2901 831 2965 tempos,
843 2896 912 2963 quod
921 2897 986 2946 am‘ii
992 2899 1024 2947 od
1032 2898 1228 2948 amicorumain—

166 2962 215 3012 100
231 2979 277 3029 noo
292 2978 399 3015 rursum
416 2979 473 3014 eom
490 2969 571 3016 totum
590 2981 667 3034 repu—
720 2968 800 3030 goffia
813 2965 901 3032 datur,
917 2966 947 3015 in
964 2965 1007 3014 hie
1017 2964 1112 3015 studiis
1122 2994 1155 3002 -
1168 2980 1227 3016 cort-

163 3029 256 3082 diaret.
721 3049 831 3083 rumam
852 3037 953 3102 tompus
963 3036 1105 3085 maireium
1116 3033 1151 3084 ist
1162 3037 1226 3083 tem-

198 3099 222 3149 3.
231 3115 280 3165 quo
290 3104 410 3167 coeperat
417 3104 499 3150 etaim
510 3101 668 3152 nimliohun·
718 3117 777 3219 Εἴ,
789 3101 858 3167 quod
867 3104 957 3152 amicis
966 3101 1080 3152 dedatur.
1094 3101 1140 3152 lile
1150 3108 1226 3166 gnton

761 3184 786 3219 ss

161 3168 292 3218 mittolhar
308 3169 370 3218 nach
380 3167 488 3218 Cuesars
498 3168 665 3233 Ermordung.
789 3207 795 3218 .
812 3170 893 3219 hohen
916 3172 1048 3238 temporis.
1072 3170 1162 3221 Dieaer
1174 3169 1225 3220 Ge-

161 3233 215 3283 Aur
222 3235 268 3285 das
280 3236 374 3286 dnmnls
387 3237 482 3287 wieder
500 3237 665 3288 erwaehende
720 3238 791 3288 netiv
806 3238 903 3288 miisstc
919 3253 969 3288 von
987 3242 1110 3304 pometum
1131 3238 1224 3288 ahhiin-

162 3299 321 3367 Staatslehen
346 3302 446 3354 hezieht
470 3305 522 3355 sich
546 3307 609 3356 auch
633 3307 664 3356 de
719 3321 776 3368 gen,
788 3321 842 3356 was
855 3306 946 3356 leiren
958 3306 1019 3356 Siun
1031 3306 1101 3370 gicht
1118 3309 1162 3369 (so
1173 3306 1224 3356 viel

163 3369 240 3421 divin.
254 3369 284 3432 ll,
298 3369 350 3435 2,7
367 3374 664 3438 nuncqnoau'amdoro-
719 3373 779 3425 Zeit
801 3373 844 3424 fiir
868 3375 908 3424 dio
933 3374 1049 3425 Freunde
1073 3374 1121 3423 mir
1149 3373 1224 3436 iihrig

158 3439 262 3505 publica
277 3439 377 3490 consuli
396 3443 594 3508 coeptisumus,
616 3446 664 3492 tri-
719 3440 799 3504 hlieh,
816 3444 964 3493 verwandte
982 3443 1021 3492 ich
1039 3441 1085 3490 auf
1099 3441 1139 3489 die
1152 3438 1247 3502 wis--

161 3507 261 3558 humida
285 3512 327 3558 ost
347 3516 427 3575 opero
442 3509 610 3576 reipublicae
626 3510 667 3561 vel
719 3506 874 3574 sanscheft);
896 3525 952 3561 man
973 3511 1068 3560 miissto
1090 3509 1155 3559 deun
1176 3522 1222 3558 aus

162 3579 341 3692 manisdpotius
352 3578 380 3626 in
393 3591 423 3626 ea
431 3581 554 3642 cogitatio
564 3581 590 3627 ot
600 3593 664 3628 cura
718 3580 842 3657 torporis
854 3579 901 3629 den
915 3594 947 3629 su
958 3576 1128 3647 saeperscorot
1144 3577 1222 3639 gehfi-

157 3643 663 3777 fithtalftllftltuflf
718 3643 1222 3778 lllzlPtiultljlhtmftlfh

159 3778 245 3828 meint.
718 3781 803 3831 dieser
814 3781 1004 3847 Wortstelluug
1016 3780 1166 3844 unmoglich.
1184 3780 1220 3830 lo-

193 3850 319 3911 cationes,
336 3848 376 3897 die
394 3848 554 3899 iiffantlichen
567 3847 662 3914 Redeo,
717 3864 763 3900 cue
787 3851 836 3900 und
857 3855 958 3918 tempor
978 3848 1059 3913 gehen
1080 3849 1134 3899 hier
1157 3863 1220 3912 ganz

160 3912 209 3961 wie
222 3914 298 3965 sehon
311 3915 356 3964 das
367 3914 483 3979 fulgendo
500 3916 600 3968 littam
612 3918 663 3982 so·
717 3932 857 3985 synonyme
870 3917 1050 3984 Wendungen,
1069 3917 1131 3968 uber
1142 3916 1220 3967 allar-
