2772 4504
523 280 583 334 mn
595 280 637 333 m.
664 281 774 336 orne
789 283 828 334 oo.
1150 282 1211 345 177
1304 292 1309 297 »
1372 242 1373 327 i

477 350 628 445 pom»
867 352 1064 434 em

150 437 238 499 litatis
258 438 369 518 specie,
394 454 469 510 non,
491 454 559 537 cuja
578 438 637 498 hoc
656 437 842 513 deliberetur,
862 438 934 525 reign
976 418 1088 500 eudone
1102 439 1141 500 sit
1154 439 1211 500 ho·
1253 504 1265 531 u
1372 432 1373 435 ’

150 532 249 585 nestas
260 530 383 604 propter
394 520 522 585 utilitatis
535 522 765 602 magnitudinem
779 557 821 569 -
835 540 903 584 nam
919 514 938 583 i
964 522 1082 604 quidem
1096 525 1210 606 impro—
1228 515 1312 593 uelo

150 608 221 671 hum
234 618 345 683 est-,
362 609 413 670 sed
428 608 510 681 illud,
525 610 659 687 possitne
672 608 715 684 id,
731 609 811 689 quod
826 608 895 670 utile
908 608 1052 686 videatur,
1072 610 1134 671 fieri
1149 626 1228 681 non,
1373 626 1374 635 ¹

128 696 282 774 eturpiter.
328 694 401 756 Cum
421 692 562 755 Collatino
589 694 713 773 collegae
731 695 840 756 Brutus
868 695 1026 776 imperium
1044 694 1210 782 ahrogalpat,

150 788 264 860 poterat
278 780 370 841 videri
385 780 478 841 iacere
492 779 521 840 id
533 779 653 841 iniuste:
669 782 761 842 iuerat
772 780 849 842 enim
861 779 892 841 in
903 780 1022 860 regibus
1035 780 1212 860 expellendis

151 865 250 927 socius
261 865 343 926 Bruti
360 865 552 926 consiliorum
567 873 596 927 et
610 865 734 927 adiutor.
776 865 849 927 Cum
868 875 964 928 autem
984 867 1212 928 consiliumlroc

150 950 300 1031 principes
317 952 475 1031 cepissent,
492 952 695 1030 cognationem
711 951 836 1031 Superbi
851 971 1019 1033 nomenque
1035 951 1210 1032 Tarquinio-

149 1054 217 1098 rum
232 1045 260 1098 et
274 1036 448 1098 memoriam
464 1024 545 1116 regni
561 1056 627 1099 osse
642 1038 813 1113 tollendam3
829 1039 907 1135 qqu
923 1048 984 1099 erat
998 1036 1081 1113 utile,
1101 1038 1212 1117 patriae
1242 1033 1341 1127 pan.
1374 1104 1375 1113 ,

141 1122 319 1210 'conanime
342 1121 371 1183 id
392 1131 454 1184 erat
473 1123 512 1184 ita
527 1124 698 1197 honestum,
718 1131 752 1184 ut
766 1124 852 1185 etiam
867 1123 925 1204 ipsi
942 1122 1083 1184 Collatino
1097 1125 1212 1203 placere

149 1200 277 1270 deher'et.
298 1208 399 1289 ltaque
415 1207 525 1269 utilitas
540 1208 629 1270 valuit
643 1207 766 1288 prdpter
784 1209 984 1284 honestatem,
1004 1209 1067 1270 sine
1094 1228 1151 1289 qua
1174 1226 1212 1270 ne

149 1294 258 1356 utilitas
283 1294 401 1374 quidem
416 1313 481 1356 esse
496 1294 651 1374 potuisset.
685 1296 722 1356 ht
740 1294 771 1355 in
791 1314 827 1355 eo
847 1314 929 1374 rege,
946 1296 995 1375 qui
1014 1295 1116 1356 urbem
1137 1313 1210 1355 con·

149 1378 236 1454 didit,
261 1398 323 1441 non
348 1380 426 1440 item.
450 1379 569 1460 Species
594 1379 673 1440 enim
697 1379 827 1441 utilitatis
853 1381 984 1443 animum
1004 1381 1115 1460 pepulit
1133 1379 1210 1441 eius:
1230 1388 1261 1438 41

127 1460 131 1465 ’
150 1464 196 1526 cui
212 1484 279 1525 eum
294 1464 391 1525 visum
406 1473 484 1525 esset
499 1464 596 1525 utilius
608 1464 703 1525 solum
719 1483 807 1545 quam
820 1485 887 1526 eum
902 1466 1137 1562 alterqgegqare,
1152 1466 1211 1527 ira-

149 1557 224 1610 trem
243 1549 397 1610 interemit.
435 1549 541 1611 Omisit
558 1550 607 1610 hic
625 1558 654 1611 et
672 1549 807 1630 pietatem
826 1559 855 1613 et
869 1542 1099 1625 humanitatem,
1119 1560 1152 1612 ut
1171 1550 1209 1624 id,

150 1635 230 1715 quod
245 1632 315 1696 utile
331 1634 481 1696 videbatur
494 1654 589 1716 neque
604 1644 679 1709 erat,
697 1637 815 1716 assequi
835 1644 950 1716 posset,
969 1645 998 1699 et
1016 1646 1114 1707 tamen
1133 1637 1231 1698 morit

150 1739 269 1782 causam
289 1719 443 1801 opposuit,
463 1720 591 1800 speciem
609 1721 773 1783 honestatis
792 1739 847 1782 nec
867 1722 1047 1801 prohabilem
1067 1740 1121 1784 nec
1139 1722 1229 1793 sane}

149 1804 296 1868 idoneam.
336 1806 468 1868 Peccavit
482 1805 582 1886 igitur,
602 1825 673 1886 pace
691 1808 735 1868 vel
750 1806 864 1880 Quirini
883 1808 927 1868 vel
943 1807 1062 1869 Romuli
1077 1808 1227 1887 dixerim,

149 1891 208 1954 Nec
226 1899 324 1953 tamen
343 1900 463 1953 nostrae
482 1891 568 1953 nohis
589 1891 724 1953 utilitates
740 1893 917 1954 omittendae
931 1901 1000 1954 sunt
1014 1893 1134 1974 aliisque
1149 1901 1209 1955 tra·
1230 1906 1263 1956 42
1281 1926 1295 1954 ι

149 1976 270 2051 dandae,
286 1996 353 2039 cum
364 1977 411 2038 his
422 1976 479 2057 ipsi
494 1995 642 2057 egeamus,
653 1979 704 2038 sed
720 1996 790 2040 suae
800 1978 904 2059 cuique
917 1978 1039 2053 utilitati,
1051 1979 1131 2058 quod
1147 1981 1210 2041 sine
1228 1982 1353 2039 „peu

149 2062 267 2125 alterius
282 2063 387 2124 iniuria
402 2063 461 2137 fiat,
478 2062 665 2125 serviendum
680 2072 734 2125 est.
760 2063 837 2140 Scite
853 2064 912 2125 Chr
930 2063 1043 2144 sippus,
1058 2045 1209 2126 uffmnlta:
1228 2066 1255 2131 ia
1264 2060 1346 2151 pelea

150 2146 207 2220 Qui
219 2148 355 2223 stadium,
370 2148 473 2228 inquit,
486 2150 576 2219 currit
587 2148 656 2211 eniti
667 2159 695 2210 et
704 2149 879 2211 contendere
910 2170 926 2210 e
947 2158 975 2211 et
986 2168 1073 2231 quam
1084 2150 1211 2212 maxime

150 2232 247 2314 possit
261 2227 412 2305 ut‘hncat
428 2223 616 2314 supplantare
629 2254 706 2309 eum,
716 2235 834 2316 quicum
845 2243 943 2309 certet,
953 2246 1003 2299 aut
1011 2254 1101 2297 manu
1110 2236 1209 2317 depel-

149 2319 209 2380 lere
228 2319 309 2380 nnllo
330 2319 421 2380 modo
444 2319 548 2380 dehet:
575 2319 617 2380 sic
640 2319 671 2380 in
694 2320 750 2382 vita
770 2320 826 2381 sibi
846 2339 991 2401 quemque
1011 2328 1109 2400 petere
1129 2323 1209 2401 quod

150 2405 294 2484 pertineat
307 2406 343 2466 ad
357 2423 447 2467 usum
461 2422 522 2465 non
538 2403 671 2485 iniquum
687 2414 745 2478 est,
767 2405 848 2467 alteri
869 2405 1006 2486 deripere
1016 2406 1062 2467 ius
1077 2424 1140 2467 non
1156 2415 1208 2468 est

231 2490 357 2552 »Maxime
368 2500 466 2553 autem
477 2490 684 2569 perturbantur
693 2490 787 2552 officia
797 2488 984 2565 inamicitiis,
994 2490 1100 2571 quihus
1110 2499 1139 2551 et
1149 2509 1210 2552 non
1230 2502 1263 2552 43

150 2575 279 2637 tribuere
288 2576 365 2656 quod
381 2585 457 2637 recte
471 2575 615 2657 possispt
628 2576 754 2638 tribuere
765 2575 843 2656 quod
854 2594 916 2637 non
926 2575 964 2637 sit
973 2583 1211 2722 aequumrstontra

110 2730 113 2745 ,
152 2661 281 2724 officium
296 2669 350 2723 est.
377 2661 434 2722 Sed
450 2660 537 2722 huius
552 2661 666 2741 generis
681 2662 771 2723 totius
787 2663 874 2723 hreve
885 2669 913 2723 et
925 2679 985 2723 non
998 2661 1085 2722 dillioi
1098 2681 1113 2722 e
1124 2680 1210 2741 prae-

188 2798 309 2851 Collatino
330 2797 440 2866 collegae
457 2799 575 2851 Brutus:
598 2798 654 2851 Liv.
709 2798 1080 2861 suroum01.1t³,t(208).
1109 2798 1146 2849 Er
1161 2799 1209 2849 hil-

153 2866 186 2932 ll,
203 2866 228 2918 2.
707 2870 766 2920 dete
776 2870 820 2920 alas
830 2869 940 2919 stoiacha
950 2867 1060 2935 system,
1070 2882 1118 2917 vor
1127 2866 1210 2918 Allem

185 2939 212 2986 in
229 2938 334 3001 regibus
355 2936 523 3005 eupellmedia,
548 2936 587 2986 hei
609 2938 655 2987 der
708 2938 748 2987 die
762 2937 903 2999 Dialektil,
926 2951 954 2985 so
971 2951 1029 3001 aus,
1051 2936 1109 2986 dass
1126 2951 1156 2985 ar
1171 2936 1210 2986 als

151 3002 655 3069 VertreihungderkliniglichenFamilie.
677 3032 680 3037 <
709 3006 754 3055 der
767 3005 857 3055 zweite
870 3003 988 3055 Griinder
999 3005 1045 3054 der
1056 3003 1147 3054 Schule
1164 3019 1209 3054 un-

134 3090 139 3127 t
186 3071 227 3121 41.
252 3075 323 3123 mord
336 3088 440 3125 causum
458 3090 472 3125 o
487 3076 584 3142 posuit.
620 3072 656 3123 llr
708 3073 817 3136 genehen
832 3073 904 3122 wind.
1225 3105 1233 3135 ,

136 3139 446 3191 ‘nahmdiehiauerznm
483 3142 609 3192 orwande
622 3168 656 3178 --
696 3171 705 3186 -
743 3140 857 3192 etodium
867 3143 955 3191 currit.
971 3139 1228 3191 ilieStellesehoiutt

149 3208 291 3275 probabilis
303 3210 338 3260 ist
352 3209 414 3260 auoh
428 3209 486 3263 hier
495 3210 540 3259 mit
558 3209 655 3259 ‘wahr-
708 3209 825 3259 wdrtlich
834 3224 879 3259 uus
885 3210 940 3258 dem
947 3206 1123 3258 Grieehisehen
1133 3206 1225 3277 iiber-J
1314 3246 1321 3263 .

153 3276 296 3340 aeheinlich,
308 3271 440 3341 glauhlich’
451 3293 483 3327 zu
492 3276 652 3327 fihersetzem
709 3282 789 3340 setzt,
811 3278 860 3327 und
872 3276 981 3326 dadureh
994 3276 1028 3326 iat
1039 3277 1109 3326 diese
1126 3277 1151 3326 in
1164 3277 1222 3337 tert

183 3358 248 3410 paee
258 3344 298 3394 eol
310 3344 412 3407 Qeririm
421 3345 461 3396 uel
470 3345 584 3397 Rmnule':
597 3346 654 3395 eine
708 3344 1221 3408 lateinischenProsasonstnngehriineh-³

153 3408 387 3477 Goriugschiitzung
411 3414 456 3463 der
478 3413 653 3479 Vollsgiitter,
680 3429 683 3434 ·
708 3414 773 3464 lieho
790 3413 954 3476 Verbindung
969 3413 1014 3463 des
1035 3413 1212 3463 intransitivae

151 3480 200 3529 wie
221 3481 258 3530 sie
272 3480 322 3531 Cic.
339 3480 472 3546 hestiindig
487 3496 518 3532 an
537 3483 583 3532 den
601 3481 654 3547 Tug
708 3481 832 3534 Verhnms
848 3481 893 3532 mit
904 3481 959 3531 dom
971 3480 1107 3531 Accusativ
1122 3495 1153 3529 nn
1170 3486 1224 3529 er?

150 3548 211 3611 logt.
244 3547 364 3599 Romulus
385 3550 476 3600 arhielt
495 3550 654 3601 bekanntlieh
709 3550 806 3601 kliiren.
823 3549 881 3614 Vgl.
894 3551 933 3600 die
944 3547 1210 3599 ehenlallsdemGrie-

151 3622 227 3666 unter
254 3618 310 3667 dem
327 3617 422 3669 Numen
444 3617 562 3683 Quirinus
586 3621 655 3683 gdtt·
710 3620 825 3669 ehischen
838 3616 1115 3680 naehgebildeteStelle
1128 3615 1208 3667 della.

151 3684 216 3734 liche
228 3685 321 3737 Ehren.
708 3685 739 3751 ll,
751 3686 792 3754 34,
807 3686 855 3736 112
869 3684 1211 3754 Xeroeesoumliellespoato

185 3750 228 3802 42.
252 3754 320 3820 quod
328 3756 427 3822 -flat,
442 3754 533 3805 soweit
544 3756 597 3805 dies
609 3771 654 3818 go·
707 3759 806 3822 iuncto,
823 3755 926 3805 Athone
941 3754 1063 3822 perfosso
1074 3770 1146 3804 mare
1157 3769 1211 3804 mn·

153 3820 259 3871 schehen
270 3823 345 3873 kann.
709 3823 854 3889 iniecisset,
868 3826 965 3873 amun
975 3826 1130 3889 navigante

139 3890 144 3931 i
188 3886 345 3961 Chrysippus
361 3906 407 3942 aus
424 3890 491 3955 Soli,
512 3892 559 3941 der
578 3892 654 3943 dritte
741 3890 954 3961 supplantatim
969 3892 1055 3957 pedem
1064 3903 1211 3957 supponere,

143 3954 293 4021 ⁶,Vorstoher
313 3958 368 4010 'der
396 3960 524 4012 stoisehen
556 3958 653 4025 sehale,
708 3955 909 4018 ὑποσκελίζειν.
1132 3954 1137 3969 ’

143 4032 148 4043 ’
206 4040 290 4088 ciem
299 4041 360 4086 offic.
979 4045 1010 4099 12
