2776 4502
186 328 227 390 36
588 319 594 328 ·
618 317 661 368 nn
680 293 818 372 orircus

187 478 263 541 nesti
282 477 377 550 vides,
397 479 481 554 ‘quae
501 472 526 533 si
546 472 639 534 oculis
661 480 841 544 cerneretur,
861 469 1007 532 mirabiles
1022 469 1148 531 amores’
1162 477 1196 532 ut
1210 470 1250 532 ait

188 565 270 626 Plato
286 559 437 622 ‘excitaret'
455 556 653 638 [sapientiae].
685 558 744 619 Sed
760 566 861 630 omne,
875 556 956 636 quod
971 561 1017 617 est
1030 555 1204 629 honestum,
1219 555 1249 617 id

94 696 96 703 ,
190 652 328 729 quattuor
350 644 480 724 partium
504 643 598 703 oritur
622 662 658 703 ex
676 643 780 723 aliqua.
816 642 876 703 Aut
895 640 973 702 enim
993 641 1024 701 in
1043 638 1250 719 perspicientia

187 729 257 793 veri‘
267 729 452 809 sollertiaque
470 735 603 788 versatur
622 735 672 789 aut
691 728 721 788 in
741 727 896 789 hominum
917 724 1055 808 societate
1074 724 1182 786 tuenda
1197 725 1251 789 ui-

187 816 365 895 buendoque
379 832 467 874 suum
482 813 587 893 cuique
601 822 630 875 et
642 832 745 875 rerum
760 819 977 875 contractarum
991 811 1049 871 fide
1060 809 1151 871 autin
1162 810 1252 872 animi

189 901 294 963 excelsi
309 907 395 979 atque
408 898 506 960 invicti
521 899 720 977 magnitudine
735 917 769 960 ac
782 897 890 959 robore
906 895 1000 958 autin
1015 895 1162 978 omnium,
1177 914 1251 975 quae

189 986 264 1046 fiunt
283 1002 414 1064 quaeque
433 984 585 1056 dicuntur,
607 984 708 1044 ordine
726 991 756 1044 et
771 982 876 1055 modo,
895 982 927 1043 in
941 1001 1000 1060 quo
1015 981 1092 1042 inest
1106 981 1252 1043 modestia

141 1082 171 1132 15
190 1078 218 1132 et
236 1069 437 1148 temperantia.
467 1069 548 1140 Quae
567 1074 704 1147 quattuor
724 1086 901 1148 quamquam
921 1066 997 1128 iuter
1013 1085 1045 1127 se
1059 1066 1191 1146 colligata
1206 1073 1251 1126 at-

93 1204 98 1209 ,
190 1174 246 1233 que
273 1154 423 1233 implicata
438 1161 521 1227 sunt,
547 1160 646 1214 tamen
666 1173 702 1215 ex
722 1153 844 1232 singulis
866 1158 942 1213 certa
961 1151 1127 1213 officiorum
1146 1168 1251 1230 genera

189 1244 365 1309 nascuntur,
385 1237 462 1298 velut
483 1257 518 1298 ex
537 1257 570 1298 ea
589 1247 686 1316 parte,
708 1258 781 1319 quae
795 1238 891 1317 prima
907 1235 1055 1316 descripta
1069 1244 1128 1309 est,
1149 1236 1180 1295 in
1194 1255 1252 1315 qua

189 1322 363 1401 sapientiam
378 1328 406 1382 et
420 1322 605 1401 prudentiam
619 1323 773 1402 ponimus,
794 1323 872 1384 inest
885 1321 1032 1401 indagatio
1048 1329 1134 1401 atque
1148 1321 1252 1382 inven-

140 1418 172 1468 16
189 1408 230 1468 tio
246 1407 316 1481 veri,
331 1406 452 1486 eiusque
463 1406 578 1468 virtutis
590 1409 648 1469 hoc
659 1427 768 1471 munus
780 1415 827 1469 est
836 1407 1001 1489 proprium.
1028 1406 1066 1467 Ut
1078 1405 1155 1467 enim
1168 1405 1250 1485 quis-

190 1511 247 1573 que
266 1492 390 1552 maxime
409 1490 551 1570 perspicit
565 1493 636 1572 quid
650 1492 681 1553 in
695 1513 727 1554 re
743 1512 857 1573 quaque
871 1491 1057 1554 verissimum
1072 1491 1124 1565 sit,
1145 1490 1252 1570 quique

191 1576 359 1637 acutissime
373 1583 401 1636 et
417 1575 565 1637 celerrime
579 1584 678 1656 potest
693 1587 722 1639 et
735 1578 831 1641 videre
846 1585 875 1640 et
889 1577 1032 1656 explicare
1047 1577 1206 1647 rationem,
1226 1574 1251 1634 is

141 1673 171 1722 17
190 1661 439 1740 prudentissimus
466 1668 496 1722 et
521 1662 758 1740 sapientissimus
784 1663 839 1724 rite
864 1662 965 1724 haberi
992 1662 1075 1722 solet.
1110 1659 1252 1733 Quocirca

191 1745 259 1807 huic
274 1744 356 1825 quasi
372 1745 505 1820 materia,
523 1765 611 1826 quam
626 1756 728 1810 tractet
742 1756 771 1809 et
785 1748 816 1809 in
831 1767 888 1827 qua
904 1754 1047 1820 versetur,
1064 1746 1193 1807 subiecta
1207 1751 1252 1804 est

175 1830 306 1901 sveritas.
336 1829 466 1910 Reliquis
486 1838 583 1905 autern
598 1832 692 1893 trihus
706 1832 861 1894 virtutibus
876 1831 1066 1892 necessitates
1082 1830 1252 1909 propositae

177 1908 260 1976 {sunt
275 1915 310 1975 ad
326 1934 375 1975 eas
390 1933 440 1975 res
454 1917 600 1993 parandas
615 1918 804 1997 tuendasque,
821 1916 926 1995 qubus
943 1915 1017 1976 actio
1032 1915 1106 1975 ritae
1118 1914 1251 1975 contine-

174 2000 179 2029 ,
671 2016 673 2019 .

226 2071 256 2118 nt
270 2069 309 2116 ait
325 2066 413 2117 Plato:
429 2065 556 2117 Phacdrus
573 2084 597 2133 p.
610 2067 660 2117 250
673 2068 694 2117 D

192 2128 260 2199 ὄψις
276 2130 345 2204 ἡμῖν
367 2127 482 2199 ὀξυτάτη
500 2135 556 2186 τῶν
577 2131 624 2185 ded
646 2136 695 2185 τοῦ

192 2197 323 2282 σώματος
347 2198 457 2284 ipxefap
478 2199 652 2283 αἰσθήσεῳν,
665 2189 695 2283 ὶᾗ

190 2281 371 2405 tttttttt
393 2267 695 2404 ἕὲἴιῖζὲκῖῗῖἕῖἔῡῖἶῖ

190 2403 287 2470 ἑαυτῆς
296 2403 408 2484 ἐναργὲς
418 2403 535 2455 εἴδωλον
545 2407 694 2474 παρείχετο

192 2473 231 2528 sic
243 2466 314 2539 ὄψιν
327 2474 379 2523 ion.
400 2474 529 2540 sapientia
541 2473 634 2523 kdante
648 2489 695 2535 nur

191 2542 230 2591 die
244 2542 306 2591 nach
318 2542 364 2591 der
376 2541 549 2591 sokretischen
562 2540 645 2591 Lehre
657 2541 695 2591 al·

191 2610 231 2658 ler
258 2608 363 2672 Tagend
392 2625 423 2658 zu
448 2607 550 2659 Grande
580 2609 695 2673 liegende

191 2675 319 2726 Weishcit
330 2676 384 2724 sein
398 2680 427 2740 (s.
438 2675 462 2740 ξ.
474 2676 540 2740 153),
555 2677 616 2726 doch
626 2678 696 2727 wiire

192 2743 237 2791 der
257 2742 403 2805 Ausdruok‚
428 2742 513 2791 ‘wenc
535 2743 574 2792 die
592 2743 697 2806 Tugend

192 2804 394 2872 sichtbar'wiire‚
406 2809 494 2858 wiirde
507 2810 544 2858 sie
557 2810 613 2859 eine
624 2826 697 2860 wun-

192 2877 299 2927 derbare
309 2875 443 2945 Liebezur
452 2876 579 2926 Weishcit
588 2878 695 2927 hervor-

193 2943 283 3004 rufeu',
297 2960 325 2993 so
338 2943 510 3008 ungeschickt‚
524 2945 582 2994 dass
595 2948 696 3011 sapien·

193 3015 231 3063 tia
242 3013 287 3062 mit
296 3012 376 3062 Recht
384 3014 526 3075 gestrichen
539 3012 611 3062 wird.
624 3012 695 3063 Auch

751 2068 861 2117 deutend
891 2066 929 2116 die
951 2064 1140 2126 Constructiou‚
1165 2064 1254 2113 waher

748 2135 813 2184 deun
830 2134 870 2184 die
882 2133 959 2183 Form
975 2134 1020 2182 des
1032 2131 1187 2183 Nachsatzes
1205 2147 1253 2180 nur

749 2200 1252 2266 deinzweitenVordersatzecnteprieht3

751 2271 802 2333 vgl.
815 2268 844 2331 ΙΙ,
858 2269 882 2332 6,
897 2268 937 2317 21.
1321 2276 1324 2280 ·

784 2336 824 2386 ΙΙ.
843 2337 967 2398 Quadrata
977 2337 1048 2386 daie:
1065 2335 1128 2385 iiber
1140 2336 1179 2385 die
1192 2335 1253 2385 Eia·

749 2404 863 2468 theiluug
879 2406 926 2454 der
938 2404 1075 2467 Tngeudea
1094 2404 1118 2452 in
1131 2404 1253 2452 theoreti-

748 2473 808 2523 sche
819 2474 870 2522 und
879 2472 1024 2538 praitischc
1037 2487 1057 2520 s.
1069 2470 1135 2520 Einl.

781 2543 949 2592 necessitates
969 2540 1119 2607 propositae
1137 2539 1201 2587 sunt
1219 2537 1255 2588 ad

749 2625 794 2659 aas
806 2625 849 2660 res
864 2608 996 2677 parmsdas
1014 2607 1180 2672 tuendasque,
1198 2607 1254 2671 pni-

749 2680 797 2728 due
808 2680 874 2727 actio
882 2682 948 2728 uitae
956 2679 1111 2726 conmotus:
1124 2674 1253 2725 vielieicht

749 2743 784 2793 ist
804 2744 874 2794 diosc
887 2742 1117 2806 Schweri'dlligkeit
1133 2742 1183 2791 und
1200 2740 1253 2793 Un-

749 2811 860 2860 klarheit
883 2812 928 2860 des
952 2809 1099 2860 Ausdrueks
1119 2810 1168 2858 *mit
1191 2824 1252 2858 ver·

750 2878 866 2943 scheidet
900 2878 977 2927 durch
1012 2877 1063 2926 Cio.
1096 2876 1253 2940 griechische

750 2944 849 3010 Quelle.
870 2944 1006 2995 Einiacher
1017 2945 1052 2994 ist
1064 2946 1094 2994 de
1107 2952 1172 3009 part.
1187 2950 1251 2994 orat.

749 3013 790 3078 22,
800 3013 815 3061 Ι
818 3012 833 3061 6
846 3017 886 3062 est
895 3015 978 3078 ἐμίαν
989 3015 1025 3063 ss's
1036 3015 1140 3063 testudo
1150 3012 1252 3081 duplas,

749 3085 796 3131 ant
817 3082 884 3131 enam
907 3083 1013 3131 scientia
1035 3083 1148 3132 canitur
1170 3083 1253 3131 virtuts

749 3153 796 3200 aut
815 3151 923 3199 mtione.
940 3177 975 3186 -—
997 3149 1067 3211 Quae
1087 3147 1253 3200 moderandis

750 3216 931 3286 cupiditatibus
943 3217 1077 3283 laudatar,
1094 3245 1129 3254 —
1145 3218 1202 3267 eius
1213 3220 1255 3266 est

193 3083 232 3131 dic
249 3080 440 3144 Ueliersetzung
461 3080 593 3131 derselben
615 3079 696 3131 Stelle

193 3151 223 3199 de
236 3149 278 3198 fin.
292 3149 321 3213 Π,
336 3149 375 3212 to,
388 3148 420 3198 52
433 3165 509 3215 qaam
520 3149 564 3199 ilia
575 3148 696 3200 ardentes

193 3232 296 3333 (ἔνισπε
325 3219 454 3267 excitaret
492 3221 536 3268 sui
574 3216 695 3281 bestttigt

212 3299 257 3332 ies.

229 3350 269 3400 15.
294 3367 329 3400 es:
345 3367 375 3399 ea
393 3355 468 3419 parte
484 3378 519 3387 —
533 3355 615 3402 esest.-
639 3354 694 3403 eine
750 3352 810 3417 Cic,
828 3354 876 3403 ‘die
889 3354 943 3404 drei
954 3356 1048 3404 anderu
1059 3353 1196 3416 Tngeaden
1209 3352 1252 3401 be-

192 3417 392 3481 Ungenauigkeit
410 3418 455 3468 des
466 3416 629 3481 Ausdrncks,
644 3422 696 3470 wol
749 3422 839 3471 sichen
858 3422 910 3472 sich
928 3422 974 3472 aui
988 3423 1033 3472 das
1051 3419 1252 3470 Herbeisehaffea

192 3486 338 3538 veraniasst
354 3486 430 3536 durch
444 3487 492 3535 deu
505 3485 694 3538 Zwischensatz
749 3491 799 3538 und
810 3489 932 3540 Erhalten
945 3491 990 3539 der
1003 3505 1059 3539 zum
1071 3487 1156 3537 Leben
1169 3487 1252 3535 otthi-

192 3559 219 3604 e'a
231 3558 281 3620 qda
289 3582 323 3590 —
333 3557 461 3622 perimas,
474 3554 539 3603 deun
549 3556 612 3604 nach
621 3572 657 3606 eo:
666 3572 696 3606 ea
749 3572 798 3619 gen
811 3557 912 3620 Dinge‘3
931 3557 1051 3607 wiihrend
1063 3557 1116 3604 dies
1129 3555 1191 3603 doch
1204 3570 1252 3605 nur

143 3643 152 3657 ¹
191 3626 268 3688 parte
279 3623 354 3672 sollte
366 3622 451 3686 foigen
462 3625 589 3673 nascitur.
610 3622 695 3673 Aehe—
749 3639 798 3673 von
826 3626 871 3674 der
892 3623 1082 3686 Gerechtigkeit
1104 3622 1154 3671 uad
1177 3623 1253 3673 thail·

193 3689 243 3737 lich
256 3687 295 3750 111,
306 3690 328 3755 Ι,
342 3689 374 3739 33
387 3708 422 3741 ea
434 3693 613 3758 supersedeas
625 3691 695 3742 is'dsds
749 3692 828 3742 weise
849 3693 895 3742 der
912 3691 1071 3754 Grossrnuth,
1094 3689 1251 3755 keineswegs

193 3783 228 3792 -
244 3760 308 3805 satis
319 3758 401 3839 multia
415 3763 553 3827 praecepta
568 3764 637 3823 sunt,
654 3759 697 3809 fiir
749 3775 799 3809 von
809 3758 1070 3821 derviertenTugend
1081 3753 1251 3838 supposuisse

190 3827 531 3957 ΡΤΙΙΙΙΒΡΙΖΙΞΙΙῊΙΙΙΙΙΠΙΙΙ
541 3900 647 3962 quisque
664 3912 696 3945 zu
749 3835 847 3959 {dgilgetr
859 3828 962 3961 ΙΙΙΞΓΙΙΞΙΙ
974 3826 1252 3958 ΙΙΙΠΙΙΙΙΙΙΙΙῙΙΙΙΞΪἛΙΙΙ

193 3956 362 4009 wiederholeu
386 3962 524 4013 veriindert
543 3963 594 4014 Cic.
615 3965 695 4015 nube·
747 3962 1253 4029 aiiedreipraktisoheuTagendentrifft

749 3289 890 3335 monasio
910 3285 1011 3351 werede
1032 3291 1079 3337 cet.
1110 3285 1172 3334 Hier
1196 3289 1252 3347 sagt
1340 3342 1344 3355 ¹
