2772 4504
597 323 700 377 Llll.ll.
727 325 796 379 CAP.
810 327 834 379 ὁ.
846 327 870 380 6.
1206 338 1267 401 117

150 539 171 563 ν,
205 497 276 541 vero
297 477 432 543 interitus
451 478 645 554 exercituum,
665 488 698 542 ut
717 482 852 560 proxime
871 483 975 559 trium,
996 504 1082 567 saepe
1096 487 1267 569 multorum,

205 565 299 626 clades
318 564 544 644 imperatorum,
563 573 597 626 ut
609 582 705 644 nuper
718 566 829 629 summi
843 575 873 629 et
887 568 1042 648 singrdaris
1057 572 1124 646 viri,
1145 573 1268 637 invidiae

204 658 354 730 praeterea
368 649 564 712 multitudinis
578 658 665 729 atque
680 650 718 712 ob
730 670 780 712 eas
791 650 866 717 bene
877 655 1050 719 meritorum
1062 675 1150 737 saepe
1161 659 1267 722 civium

203 736 402 816 expulsiones,
416 734 605 809 calamitates,
617 737 710 815 fugae,
721 755 886 818 rursusque
897 742 1046 803 secundae
1056 761 1113 817 res,
1124 743 1265 820 honores,

204 821 335 900 imperia,
352 819 500 892 victoriae,
516 839 694 901 quamquam
705 822 825 886 fortuita
835 833 912 901 sunt,
923 834 1023 888 tamen
1034 827 1098 889 sine
1109 828 1266 893 homiuum

205 906 312 985 opibus
332 914 362 968 et
381 905 486 967 studiis
508 914 640 968 neutram
661 907 692 967 in
712 916 827 986 partem
842 911 917 972 effici
932 924 1069 990 possunt.
1099 912 1164 975 Hoc
1177 914 1266 993 igitur

205 991 322 1070 cognito
340 991 495 1055 dicendum
510 999 556 1053 est
570 1010 698 1071 quonam
713 994 805 1054 modo
820 995 978 1059 bominum
993 998 1090 1060 studia
1105 998 1141 1060 ad
1157 1000 1264 1063 utilita-

204 1085 248 1138 tes
259 1084 376 1140 nostras
392 1076 505 1139 allicere
521 1085 608 1158 atque
619 1078 743 1140 excitare
753 1080 915 1159 possimus.
944 1084 1024 1157 Quae
1036 1083 1061 1144 si
1072 1083 1190 1162 longior
1200 1086 1264 1146 fue-

202 1163 241 1224 rit
261 1162 369 1236 oratio‚
394 1181 463 1225 cnm
482 1162 680 1242 magnitudine
699 1163 832 1226 utilitatis
853 1179 1055 1247 comparetur:
1079 1167 1118 1229 ita
1139 1170 1265 1230 fortasse

201 1248 288 1310 etiarn
302 1247 583 1310 breviorvidebitur.
835 1309 839 1313 .
1020 1256 1025 1261 ’

287 1334 494 1413 Quaecumque
505 1334 593 1413 igitur
604 1334 743 1394 homines
753 1335 868 1396 homini
880 1336 1013 1398 tribuunt
1023 1337 1060 1398 ad
1072 1356 1139 1400 enm
1152 1356 1262 1418 augen—
1284 1349 1314 1399 21

201 1420 273 1481 dum
288 1427 373 1499 atque
386 1419 620 1493 honestandam,
642 1426 692 1479 aut
711 1418 927 1482 benevolentiae
942 1421 1032 1501 gratia
1052 1423 1174 1497 iaciunt,
1184 1443 1264 1513 ppm

201 1503 296 1583 aliqua
311 1503 346 1564 de
361 1522 449 1564 causa
459 1504 626 1583 quempiam
638 1504 769 1584 diligunt,
786 1514 835 1566 aut
845 1506 979 1582 honoris,
985 1526 1022 1601 pq
1033 1507 1115 1568 cuius
1127 1506 1263 1569 virtutem

202 1588 368 1668 suspiciunt
391 1606 536 1668 quemque
561 1588 680 1667 dignum
701 1591 819 1650 fortuna
839 1608 927 1670 quam
948 1592 1130 1671 amplissima
1149 1601 1263 1673 putant,

202 1682 253 1736 aut
271 1692 333 1764 ρῳ,
342 1673 429 1735 fidem
448 1672 557 1734 habent
575 1682 604 1734 et
621 1673 696 1735 bene
714 1674 804 1735 rebus
824 1676 886 1736 suris
907 1677 1059 1738 consulere
1078 1677 1264 1754 arbitrantur,

202 1768 252 1821 aut
271 1758 353 1820 cuius
370 1778 441 1839 opes
456 1766 608 1832 metuunt,
628 1768 677 1820 aut
692 1767 805 1835 contra,
825 1780 842 1822 a
858 1761 964 1840 quibus
980 1761 1087 1841 aliquid
1103 1771 1263 1842 expectant,

201 1854 235 1906 ut
257 1864 325 1906 oum
349 1862 433 1924 reges
457 1844 649 1923 popularesve
668 1844 805 1905 homiues
825 1845 992 1924 largitiones
1013 1846 1124 1925 aliquas
1148 1867 1262 1928 propo-

200 1940 287 2004 nunt,
309 1936 359 1991 aut
372 1936 525 2008 postremo
540 1929 640 2021 propio
656 1949 689 1991 ae
703 1930 839 1991 mercede
853 1932 1013 2006 ducuntur,
1029 1951 1103 2011 quae
1118 1932 1262 1995 sordidis-

200 2016 274 2078 sima
294 2024 339 2077 est
352 2015 397 2077 illa
414 2013 531 2095 quidem
545 2015 619 2076 ratio
636 2022 664 2075 et
678 2013 914 2094 inquinatissima
928 2025 956 2078 et
973 2017 1022 2089 iis,
1046 2017 1096 2096 qui
1110 2037 1142 2078 ea
1158 2026 1262 2080 tenen-

202 2114 261 2176 tur,
282 2110 311 2162 et
329 2101 398 2174 illis,
421 2100 469 2180 qui
489 2099 524 2160 ad
544 2118 608 2161 eam
630 2101 788 2178 confugere
804 2110 956 2163 conantur.
985 2101 1057 2163 Male
1072 2102 1150 2163 enim
1167 2102 1260 2163 se'res
1282 2111 1317 2163 22

199 2186 301 2260 habet,
320 2205 397 2260 cum,
412 2185 491 2265 quod
506 2184 610 2247 virtute
626 2185 701 2246 effici
719 2184 811 2259 debet,
827 2185 856 2247 id
873 2194 1031 2267 temptatur
1041 2188 1174 2266 pecunia.
1202 2187 1262 2250 Sed

200 2271 341 2352 quoniam
360 2288 422 2333 non
441 2289 603 2349 numquam
623 2270 681 2331 boc
701 2270 866 2333 subsidium
882 2272 1079 2334 necessarium
1095 2282 1154 2346 est,
1173 2291 1263 2352 quem

200 2358 375 2420 admodum
391 2357 429 2418 sit
443 2355 586 2418 utendum
601 2356 638 2416 eo
655 2356 799 2430 dioemus,
820 2357 845 2417 si
861 2356 943 2436 prius
959 2356 995 2417 iis
1011 2357 1167 2430 derebus,
1187 2376 1262 2437 quae

197 2443 298 2505 virtuti
314 2444 470 2521 propiores
486 2449 570 2515 sunt,
584 2439 753 2502 dixerimus.
783 2442 876 2521 Atque
891 2441 977 2503 etiam
994 2441 1143 2503 subiciunt
1157 2461 1190 2502 se
1204 2442 1262 2502 ho-

199 2528 294 2589 mines
309 2526 434 2607 imperio
451 2525 567 2589 alterius
583 2534 612 2586 et
626 2525 764 2604 potestati
780 2525 816 2587 de
831 2526 927 2588 causis
942 2526 1084 2606 pluribus,
1110 2526 1263 2588 lincuntur

142 2631 147 2641 ·
181 2692 184 2699 Ι
198 2613 277 2674 enim
291 2620 342 2673 aut
355 2610 556 2689 benevolentia
570 2618 599 2670 et
612 2608 821 2672 beneficiorum
836 2610 1038 2689 magnitudine
1052 2617 1103 2672 aut
1113 2609 1262 2690 dignitatis

233 2764 283 2814 tt:
291 2766 413 2833 prooeebw
428 2767 521 2815 tritura·
540 2762 580 2813 boi
592 2762 702 2813 Pharae-
757 2761 947 2827 bangel'ribrteo
956 2762 1166 2815 Griindeworden
1175 2763 1263 2813 iudam

197 2833 246 2897 lus,
260 2832 314 2883 'ilia
331 2848 383 2896 sus,
393 2831 493 2883 blanda.
504 2833 627 2901 proraiam
635 2832 703 2881 steht
756 2831 901 2895 Folgenden
913 2833 937 2881 in
950 2831 966 2881 3
978 2831 1058 2883 Poura
1074 2845 1263 2894 zusammenge-

197 2901 298 2952 zeltlicb
329 2901 453 2969 ἰἠιιρυν.
622 2944 625 2955 ,
755 2900 830 2963 laist,
843 2900 954 2951 nndvon
967 2900 1263 2950 beneuolentiauudme-

231 2984 308 3036 saepe
318 2968 472 3033 multonem,
489 2969 512 3018 l.
524 2968 541 3018 i.
557 2968 701 3031 multornru,
758 2973 800 3021 tua
812 2967 851 3018 bis
864 2967 887 3031 8,
901 2966 946 3033 30,
968 2982 1017 3019 von
1029 2969 1111 3019 bonor
1129 2968 1179 3018 und
1191 2966 1263 3034 fider

198 3052 302 3105 qaorum
318 3037 383 3087 alius
400 3037 450 3087 alio
467 3043 580 3103 tempore
596 3034 701 3097 interiit,
749 3035 874 3100 'bisc.15‚
887 3035 1264 3103 vonla'bemlttoaundcormp·

198 3105 237 3155 ein
251 3106 310 3154 ecbr
318 3104 431 3169 binfiger
439 3104 615 3166 Pleonasmus3
628 3102 647 3167 l,
660 3101 701 3164 22,
757 3104 807 3155 telo
820 3102 919 3152 15-24
931 3104 1094 3168 gesproelren.

198 3172 541 3237 74.44‚155.lll,10,ta
696 3216 704 3225 ,
790 3170 933 3223 consedere:
953 3171 998 3221 das
1015 3169 1119 3234 subject
1168 3186 1208 3223 ero
1230 3171 1264 3220 ist
1283 3182 1351 3200 w

232 3243 329 3291 rumim
350 3245 377 3291 et
398 3240 541 3306 smum
565 3242 628 3303 odat,
656 3240 701 3289 des
756 3239 876 3291 eusdem
895 3239 1117 3302 verbergelrenden
1157 3239 1211 3290 ativ
1231 3253 1263 3289 au
1304 3240 1312 3257 ¹

198 3308 339 3373 Pompeius.
756 3308 892 3372 cesinam,
905 3323 927 3357 a.
939 3305 965 3373 §-
979 3306 1020 3357 14.
1230 3374 1235 3385 Ι

198 3374 702 3512 saliginilpl‘lii'tlblfmffiffl
757 3375 1035 3509 „tibilim
1068 3443 1107 3493 a„
1121 3373 1262 3492 tlltl

173 3516 178 3526 ¹
232 3514 498 3579 nwtrmniaeparteot
512 3459 704 3562 §.calaum-
757 3508 1263 3579 §.ldangegebenenGriindemitwenig

197 3597 246 3647 poe
255 3585 363 3648 parum,
376 3579 417 3630 ael
426 3579 599 3631 recondea'od
608 3578 704 3635 maol
757 3581 927 3631 verindertea
937 3577 1102 3630 Aneiriiclren
1111 3575 1262 3627 wioderbolt

196 3649 326 3700 damam.
756 3650 869 3699 werden.
1204 3652 1206 3657 '

231 3715 497 3783 remonstrare
516 3718 617 3769 moene·
645 3715 701 3767 Van
790 3716 972 3782 beneficiorum
992 3712 1170 3780 magnisonae
1196 3712 1262 3761 kann

197 3784 551 3850 derCoojunetionwirdzum
560 3784 702 3835 Relativmn
756 3784 837 3834 neben
860 3782 1031 3833 immolatio
1053 3781 1122 3831 nieht
1147 3787 1193 3844 gut
1222 3779 1261 3828 als

195 3853 402 3972 iibewgungem
416 3869 436 3904 s.
446 3852 465 3918 l,
475 3853 499 3917 5,
511 3852 550 3903 ib.
563 3853 612 3903 llio
622 3851 702 3901 awei-
756 3850 942 3915 selbst'a'ndiges
955 3848 1030 3900 Glied
1041 3847 1186 3912 anigeliibrt
1194 3860 1262 3896 wer·

196 3928 239 3972 tor
286 3922 371 3973 eolreol
387 3924 433 3973 der
449 3920 568 3972 struatur
583 3920 641 3971 tritt
657 3920 703 3969 mit
756 3920 818 3971 dea:
846 3933 876 3969 es
899 3918 1039 3984 entsprieht
1063 3917 1086 3982 ς.
1100 3915 1131 3965 21
1158 3917 1262 3966 beneco·

197 3994 244 4040 aart
252 3995 384 4060 poabemo
396 3990 448 4052 ein3
460 3989 512 4054 vgl.
526 3987 598 4055 §.aa
610 4016 644 4025 -—
656 3987 702 4038 llie
749 3987 850 4039 >lentim
859 3988 960 4053 gratim
976 4001 1034 4039 eam
1044 3985 1130 4053 atqua
1140 3982 1172 4034 de
1184 3996 1263 4035 carrea
