2772 4504
516 330 619 383 6666.
647 330 717 383 cnr.
732 329 770 382 1o.
787 332 825 383 19.
929 397 932 403 q
1139 333 1197 395 143

141 497 201 565 set,
222 487 342 551 scientia
362 488 445 549 166116
458 487 585 550 vicisset.
614 485 692 548 llaec
706 486 793 566 igitur
809 504 897 566 opera
911 493 991 565 grata
1006 486 1104 548 multis
1120 488 1198 563 etad

140 574 289 637 beneficiis
306 573 532 653 obstringendos
546 573 683 634 homines
698 567 926 634 accommodata.
953 573 1047 651 Atque
1061 572 1131 634 huic
1144 573 1199 634 arti
1220 587 1253 638 66

141 661 264 722 linitima
284 668 329 721 est
349 659 462 721 dicendi
482 658 596 739 gravior
610 659 730 720 facultas
746 666 774 719 et
788 657 897 738 gratior
911 665 939 717 et
954 658 1093 719 ornatior.
1124 657 1199 731 Quid
1293 722 1297 727 ⁸

142 746 220 807 enim
237 744 402 825 eloquentia
416 744 621 823 praestabilius
634 744 678 806 vel
692 744 885 806 admiratione
900 741 1080 805 audientium
1091 743 1135 804 vel
1147 762 1200 823 spe

141 831 335 910 indigentium
354 830 399 891 vel
418 849 535 904 eorum,
556 831 605 910 qui
621 829 735 891 dolensi
751 836 834 904 sunt,
853 826 965 909 gratia?
994 829 1070 890 Huic
1084 847 1200 909 quoque

142 935 212 996 ergo
224 924 245 977 'a
259 915 419 978 maioribus
434 916 545 978 nostris
561 915 652 977 estin
667 928 734 995 toga
749 915 896 995 dignitatis
912 914 1093 995 principatus
1106 915 1198 975 datus.

142 1001 247 1064 Diserti
266 1001 355 1082 igitur
373 1001 501 1064 hominis
521 1010 550 1063 et
569 1001 650 1063 lacile
665 1000 834 1075 laborantis,
850 1001 986 1080 quodque
1002 1001 1032 1062 16
1043 999 1144 1080 patriis
1156 1008 1200 1061 est

141 1087 288 1162 moribus,
307 1086 468 1151 multorum
485 1107 589 1149 causas
605 1095 633 1149 et
647 1105 709 1149 nou
725 1095 840 1168 gravate
855 1094 883 1148 ct
897 1087 1022 1166 gratuito
1039 1085 1200 1147 (16166666-
1295 1100 1303 1107 ’

140 1172 178 1235 tis
194 1173 332 1236 beneficia
346 1181 375 1234 et
388 1173 551 1255 patrocinia
564 1174 619 1237 late
634 1181 743 1254 patent.
773 1172 958 1261 hdmpnehat
970 1191 1019 1234 me
1033 1191 1081 1232 res
1094 1180 1128 1257 ut
1142 1171 1201 1232 hoc
1221 1184 1252 1234 66

141 1278 258 1340 quoque
282 1260 348 1321 loco
373 1259 623 1321 intermissionem
647 1257 840 1338 eloquentiae,
867 1252 916 1318 n'e'*
928 1257 1022 1319 dicam
1043 1251 1200 1330 interitum,

141 1346 338 1424 deplorarem,
351 1344 383 1406 ui
396 1364 512 1406 vererer
525 1363 563 1406 ne
577 1345 614 1406 de
629 1363 675 1405 me
690 1345 756 1423 ipso
772 1343 879 1423 aliquid
894 1343 1013 1404 viderer
1021 1342 1111 1422 queri.
1141 1342 1200 1402 Sed

141 1439 238 1492 tamen
257 1430 390 1491 videmus
411 1430 519 1508 quibus
536 1429 669 1491 extinctis
687 1428 854 1490 oratoribus
867 1447 953 1508 quam
966 1427 996 1488 in
1007 1428 1107 1506 paucis
1120 1447 1199 1506 spes,

143 1522 252 1594 quanto
269 1514 301 1574 iu
316 1514 504 1593 paucioribus
521 1515 651 1589 iacrdtas,
669 1534 757 1594 quam
774 1513 805 1574 in
816 1513 915 1575 multis
929 1513 968 1574 sit
978 1513 1104 1575 audacia.
1127 1513 1200 1574 Cum

142 1608 239 1661 autem
255 1605 357 1660 omnes
373 1617 435 1660 uon
450 1600 575 1679 possint
590 1618 627 1661 ne
642 1600 724 1661 multi
740 1601 867 1679 quidem,
884 1607 933 1661 aut
947 1598 1019 1660 iuris
1036 1599 1120 1678 periti
1135 1617 1200 1660 esse

142 1693 193 1746 aut
208 1685 316 1758 diserti,
331 1684 397 1746 licet
410 1692 509 1747 tanim
524 1705 614 1765 opera
628 1685 769 1765 prodesse
780 1683 880 1745 multis
892 1683 1032 1755 beneficia
1042 1692 1199 1764 petentem,

142 1770 397 1832 commendantem
412 1770 565 1846 iudicibus,
580 1770 811 1850 magistratibus,
833 1770 996 1849 vigilantem
1012 1788 1113 1848 prore
1129 1769 1200 1830 alte-

73 1848 78 1863 ’
140 1856 217 1931 rius,
238 1875 290 1917 cos
309 1855 406 1935 ipsos,
427 1856 476 1936 qui
496 1864 544 1918 aut
565 1856 1013 1929 consummatoremque,
1035 1862 1200 1934 rogantem:

142 1942 221 2022 quod
247 1943 296 2021 qui
323 1941 431 2003 iaciunt
453 1942 612 2021 plurimum
636 1943 744 2021 gratiae
764 1945 985 2022 consequuntur
1003 1939 1200 2020 latissimeque

142 2046 245 2089 eorum
265 2035 364 2089 manat
383 2027 532 2090 industria.
562 2029 623 2089 lam
644 2027 716 2090 illud
734 2046 797 2088 non
817 2034 887 2090 sunt
906 2024 1083 2105 aqunendi
1098 2062 1140 2071 -
1154 2033 1199 2087 est
1220 2034 1252 2085 68

141 2113 220 2173 enim
235 2112 265 2174 in
279 2120 420 2192 promptu
435 2121 539 2213 πῃ
553 2113 794 2186 animadvertant,
815 2133 882 2176 cum
897 2112 995 2174 iuvare
1011 2112 1082 2173 alios
1098 2112 1185 2175 velint
1187 2132 1209 2191 3„
1234 2124 1261 2181 6

37 2236 42 2246 «
141 2215 179 2259 66
200 2216 276 2278 quos
296 2198 452 2260 offendant.
483 2199 576 2279 Saepe
596 2198 672 2261 enim
694 2207 744 2261 aut
762 2199 958 2273 eoslaedunt‚
979 2217 1054 2278 quos
1070 2189 1199 2260 nonde-
1247 2199 1263 2267 ¹7

142 2369 211 2420 Brut.
225 2367 266 2432 41,
281 2367 328 2418 153
345 2367 390 2418 Hic
402 2367 470 2421 enim
482 2367 570 2419 armat
579 2369 644 2421 hanc
697 2369 792 2420 dictem
805 2368 890 2420 Cincio
901 2384 957 2419 vom
969 2369 991 2418 1.
1005 2368 1054 2417 566
1067 2367 1134 2432 (204)
1149 2368 1201 2431 (ne-

141 2441 223 2488 artem
249 2439 364 2488 ananiam
384 2439 478 2488 ardum
501 2441 645 2489 mammam
698 2439 755 2504 quis
768 2436 1200 2505 ohcansnmorandumpecunmm-

142 2504 569 2569 (616666661616116166616661666)
582 2522 643 2572 qna·
697 2521 727 2555 re
738 2505 863 2556 donumve
873 2506 988 2572 accipiat)
1001 2505 1088 2554 wurdc
1101 2519 1128 2555 66
1140 2518 1200 2555 ver-

140 2576 165 2623 61
174 2573 255 2624 lucem
264 2572 300 2623 ad
307 2588 345 2636 ea,
358 2589 422 2640 qnae
430 2575 537 2639 consque
545 2575 576 2624 ab
585 2574 645 2625 aliis
697 2574 781 2637 boten,
793 2574 841 2624 den
851 2574 969 2624 66161666
980 2588 1028 2623 vcr
1037 2571 1140 2623 Gericht
1149 2573 1201 2622 6166

141 2645 189 2692 aut
204 2640 425 2708 respondebantur·
436 2647 483 2692 eut
493 2632 644 2708 agebantur.
697 2641 819 2691 hezahleu
830 2658 863 2691 zu
874 2643 971 2704 lassen3
985 2658 1017 2690 66
1030 2641 1131 2692 Ciceros
1142 2641 1201 2691 Zeit

175 2708 216 2759 66.
249 2710 371 2775 gemtor,
400 2710 644 2776 hedeutungsvcller,
698 2726 750 2760 war
761 2710 800 2759 ein
811 2710 965 2778 patinarium
974 2710 1048 2760 delur
1056 2725 1089 2758 zu
1097 2711 1200 2759 nehmen

140 2777 280 2842 uriehtiger,
294 2778 368 2828 n'a'ml
380 2777 422 2829 1116
433 2780 481 2844 (116,
496 2780 591 2829 welche
604 2780 644 2829 die
698 2780 765 2829 nieht
774 2777 972 2842 uugewiihnlich.
985 2777 1018 2827 So
1028 2779 1129 2828 werden
1139 2779 1201 2827 auch

141 2845 223 2898 Guust
240 2846 286 2895 der
297 2847 388 2909 Mcuge
406 2847 525 2911 erlangeu
543 2847 644 2898 wolleu.
697 2844 786 2897 Parad.
800 2846 841 2911 111,
853 2845 878 2910 2,
891 2845 924 2895 46
941 2847 965 2896 16
979 2847 1025 2896 (166
1036 2846 1202 2910 Schilderung

140 2914 166 2964 ln
176 2912 281 2965 wieieru
291 2915 527 2966 dichredsmukeit
536 2915 577 2966 1116
583 2915 643 2980 jone
697 2915 742 2965 des
751 2915 825 2966 homo
835 2919 1003 2981 quaestuosus
1013 2914 1202 2966 diemmcedum

111 2996 123 3015 1
141 2982 272 3045 wiehtiger
283 2983 325 3048 ist,
340 2984 404 3033 wird
416 2985 493 3034 durch
507 2989 533 3034 et
541 2987 645 3050 gratim
695 2987 826 3052 pactiones
837 2986 864 3033 in
875 2986 1024 3051 patrociniis
1035 2983 1158 3034 erwiihnt.

142 3050 175 3111 (z.
187 3047 211 3115 §.
224 3048 267 3112 461
280 3055 305 3100 et
315 3053 430 3103 amatior
439 3052 572 3103 erliiutert.
582 3051 643 3111 ,oa-
732 3050 772 3101 67.
792 3052 838 3101 doe
850 3067 947 3118 quoqne
958 3053 1020 3103 loco.
1039 3051 1092 3100 oen
1105 3050 1201 3102 Verlall
1273 3080 1275 3085 ,

141 3119 217 3168 durch
229 3117 306 3170 findet
317 3121 379 3169 euch
391 3121 461 3169 (11666
471 3120 587 3185 Stellung
599 3121 645 3171 der
698 3118 939 3170 dcheredsamleit
948 3118 1202 3170 hetrauertCichiiu-

140 3185 274 3250 Adjective
286 3186 339 3237 ihre
351 3186 566 3252 Rechtlertigung.
587 3189 644 3238 Bei·
698 3189 741 3253 fig,
750 3203 779 3238 66
790 3187 859 3237 Brut.
870 3186 894 3249 6,
905 3187 946 3238 21.
957 3187 998 3252 42,
1010 3187 1113 3251 tenet,
1121 3186 1167 3237 331
1176 3188 1201 3237 ff.

142 3254 644 3320 (166661566666666666666611661616·
732 3255 854 3307 andana:
871 3255 940 3306 Brut
953 3256 994 3320 96,
1012 3255 1062 3306 336
1076 3263 1153 3307 neunt
1164 3256 1202 3306 sic

141 3319 273 3386 keuntniss
288 3320 413 3387 Gesogtc,
435 3323 594 3375 6666666616·
611 3324 646 3375 ad
698 3323 749 3374 Cic.
762 3339 854 3395 procop
867 3325 1028 3393 impudenter
1039 3325 1200 3391 eloquentiae,

142 3390 539 3457 opeepertinctetadgraticnc
562 3391 645 3444 Ueher
698 3392 1201 3458 (1661661666161666666136666116166

138 3461 234 3523 gratur
246 3472 267 3508 6.
281 3457 303 3522 6.
315 3456 356 3508 46.
697 3461 883 3526 Vorhercitung
895 3462 933 3513 als
945 3462 1047 3512 Redncr
1057 3461 1192 3512 6661166166.

175 3526 643 3593 666666666616666616166166666666,
732 3531 853 3597 beneficia
878 3532 978 3581 werden
1005 3531 1073 3580 nicht
1092 3544 1140 3578 nur
1160 3528 1201 3578 die

141 3595 642 3662 6666616166613661116166661166666,
697 3596 801 3648 Aemter
821 3599 869 3648 und
888 3598 1004 3649 Wiirden
1024 3603 1139 3660 genennt,
1161 3595 1201 3645 die

141 3663 206 3714 1666
231 3663 292 3714 aher
314 3667 377 3715 auch
397 3666 460 3716 uach
481 3666 536 3716 deur
557 3674 643 3717 ersten
697 3666 820 3717 Einzelne
833 3664 967 3727 6611661166,
981 3665 1030 3715 wie
1041 3667 1085 3715 dos
1096 3661 1202 3728 1161666-

142 3730 393 3787 Wcrtetlessatzes
406 3735 501 3789 stehen.
603 3734 605 3741 '
698 3734 810 3785 tribunat
822 3735 871 3784 und
882 3733 1076 3798 Praefectum,
1091 3734 1200 3784 scudem
1279 3744 1284 3747 ’

174 3803 203 3853 in
212 3805 281 3866 toga,
294 3801 317 3851 (1.
328 3801 345 3852 1.
355 3802 379 3851 16
389 3818 459 3868 poce,
469 3803 520 3867 vgl.
531 3820 554 3855 6.
565 3803 590 3870 §.
601 3803 642 3854 45.
697 3804 760 3853 auch
769 3803 817 3867 die,
827 3802 924 3853 welche
933 3802 977 3852 des
987 3802 1054 3854 Volk
1064 3803 1142 3853 durch
1152 3802 1202 3852 sei·

167 3869 257 3935 sante,
268 3870 315 3920 urit
324 3870 510 3935 Leichtigheit„
697 3888 728 3922 ue
743 3870 821 3922 Wahl
831 3869 949 3921 verleiht.
961 3884 967 3890 ·

174 3938 299 4002 gratuito.
313 3936 569 3991 Daraulheziehtsieh
578 3941 646 4007 quod
731 3937 948 3991 commendantem
963 3940 1104 3993 indicibus:
1122 3954 1149 3988 so
1162 3938 1200 3988 als

141 4008 217 4057 66166
227 4008 453 4073 pateremurque.
475 4008 557 4059 Schon
567 4010 644 4060 durch
696 4008 813 4061 advocati
825 4023 873 4059 vor
884 4005 995 4061 Gericht.
1229 4030 1231 4035 ’
1255 4029 1256 4032 ’
