<?xml version="1.0" encoding="UTF-8"?>
<!DOCTYPE html PUBLIC "-//W3C//DTD XHTML 1.0 Transitional//EN"
    "http://www.w3.org/TR/xhtml1/DTD/xhtml1-transitional.dtd">
<html xmlns="http://www.w3.org/1999/xhtml" xml:lang="en" lang="en">
 <head>
  <title>
</title>
<meta http-equiv="Content-Type" content="text/html;charset=utf-8" />
  <meta name='ocr-system' content='tesseract 3.04.00' />
  <meta name='ocr-capabilities' content='ocr_page ocr_carea ocr_par ocr_line ocrx_word'/>
</head>
<body>
  <div class='ocr_page' id='page_1' title='image "./deofficiisadmar01heingoog_0078.png"; bbox 0 0 2776 4502; ppageno 0'>
   <div class='ocr_carea' id='block_1_1' title="bbox 527 316 1210 382">
    <p class='ocr_par' dir='ltr' id='par_1_1' title="bbox 527 316 1210 382">
     <span class='ocr_line' id='line_1_1' title="bbox 527 316 1210 382; baseline 0 -12"><span class='ocrx_word' id='word_1_1' title='bbox 527 317 587 370; x_wconf 88' lang='lat' dir='ltr'>LlB.</span> <span class='ocrx_word' id='word_1_2' title='bbox 600 317 619 370; x_wconf 88' lang='lat' dir='ltr'>l.</span> <span class='ocrx_word' id='word_1_3' title='bbox 645 316 716 370; x_wconf 80' lang='lat' dir='ltr'>CAP.</span> <span class='ocrx_word' id='word_1_4' title='bbox 728 319 771 370; x_wconf 79' lang='lat'>27.</span> <span class='ocrx_word' id='word_1_5' title='bbox 783 318 826 370; x_wconf 83' lang='grc'>28.</span> <span class='ocrx_word' id='word_1_6' title='bbox 1170 318 1210 382; x_wconf 83' lang='grc'>73</span> 
     </span>
    </p>
   </div>
   <div class='ocr_carea' id='block_1_2' title="bbox 65 471 1269 1201">
    <p class='ocr_par' dir='ltr' id='par_1_2' title="bbox 142 471 1269 1149">
     <span class='ocr_line' id='line_1_2' title="bbox 147 471 1210 552; baseline 0.002 -20"><span class='ocrx_word' id='word_1_7' title='bbox 147 479 377 534; x_wconf 88' lang='lat' dir='ltr'>consentaneum</span> <span class='ocrx_word' id='word_1_8' title='bbox 392 471 431 534; x_wconf 88' lang='lat' dir='ltr'>sit</span> <span class='ocrx_word' id='word_1_9' title='bbox 440 472 574 534; x_wconf 83' lang='lat' dir='ltr'>hominis</span> <span class='ocrx_word' id='word_1_10' title='bbox 588 472 773 535; x_wconf 75' lang='lat' dir='ltr'>excellentiae</span> <span class='ocrx_word' id='word_1_11' title='bbox 790 473 821 533; x_wconf 94' lang='lat' dir='ltr'>in</span> <span class='ocrx_word' id='word_1_12' title='bbox 836 490 886 545; x_wconf 89' lang='lat' dir='ltr'>eo,</span> <span class='ocrx_word' id='word_1_13' title='bbox 906 472 938 533; x_wconf 95' lang='lat' dir='ltr'>in</span> <span class='ocrx_word' id='word_1_14' title='bbox 953 491 1012 552; x_wconf 90' lang='lat' dir='ltr'>quo</span> <span class='ocrx_word' id='word_1_15' title='bbox 1026 479 1131 535; x_wconf 87' lang='lat' dir='ltr'>natura</span> <span class='ocrx_word' id='word_1_16' title='bbox 1145 471 1210 535; x_wconf 91' lang='lat' dir='ltr'>eius</span> 
     </span>
     <span class='ocr_line' id='line_1_3' title="bbox 147 556 1211 641; baseline 0.001 -23"><span class='ocrx_word' id='word_1_17' title='bbox 147 575 163 618; x_wconf 90' lang='lat' dir='ltr'>a</span> <span class='ocrx_word' id='word_1_18' title='bbox 184 556 303 637; x_wconf 81' lang='lat' dir='ltr'>reliquis</span> <span class='ocrx_word' id='word_1_19' title='bbox 323 557 520 620; x_wconf 89' lang='lat' dir='ltr'>animantibus</span> <span class='ocrx_word' id='word_1_20' title='bbox 541 558 674 641; x_wconf 60' lang='lat' dir='ltr'>differat}</span> <span class='ocrx_word' id='word_1_21' title='bbox 704 559 785 632; x_wconf 81' lang='lat' dir='ltr'>Quae</span> <span class='ocrx_word' id='word_1_22' title='bbox 805 565 902 619; x_wconf 86' lang='lat' dir='ltr'>autem</span> <span class='ocrx_word' id='word_1_23' title='bbox 920 575 990 637; x_wconf 90' lang='lat' dir='ltr'>pars</span> <span class='ocrx_word' id='word_1_24' title='bbox 1010 556 1139 619; x_wconf 87' lang='lat' dir='ltr'>subiecta</span> <span class='ocrx_word' id='word_1_25' title='bbox 1159 577 1211 638; x_wconf 89' lang='lat' dir='ltr'>ge·</span> 
     </span>
     <span class='ocr_line' id='line_1_4' title="bbox 146 641 1210 721; baseline 0.001 -19"><span class='ocrx_word' id='word_1_26' title='bbox 146 642 211 703; x_wconf 88' lang='lat' dir='ltr'>neri</span> <span class='ocrx_word' id='word_1_27' title='bbox 226 650 284 716; x_wconf 89' lang='lat' dir='ltr'>est,</span> <span class='ocrx_word' id='word_1_28' title='bbox 298 660 363 704; x_wconf 89' lang='lat' dir='ltr'>eam</span> <span class='ocrx_word' id='word_1_29' title='bbox 378 642 422 704; x_wconf 88' lang='lat' dir='ltr'>sic</span> <span class='ocrx_word' id='word_1_30' title='bbox 436 642 592 717; x_wconf 87' lang='lat' dir='ltr'>deliniunt,</span> <span class='ocrx_word' id='word_1_31' title='bbox 607 651 641 705; x_wconf 92' lang='lat' dir='ltr'>ut</span> <span class='ocrx_word' id='word_1_32' title='bbox 659 642 702 717; x_wconf 88' lang='lat' dir='ltr'>,id</span> <span class='ocrx_word' id='word_1_33' title='bbox 718 643 857 704; x_wconf 88' lang='lat' dir='ltr'>decorum</span> <span class='ocrx_word' id='word_1_34' title='bbox 872 641 961 704; x_wconf 81' lang='lat' dir='ltr'>velim</span> <span class='ocrx_word' id='word_1_35' title='bbox 976 660 1055 716; x_wconf 87' lang='lat' dir='ltr'>esse,</span> <span class='ocrx_word' id='word_1_36' title='bbox 1075 641 1155 721; x_wconf 87' lang='lat' dir='ltr'>quod</span> <span class='ocrx_word' id='word_1_37' title='bbox 1170 642 1210 704; x_wconf 93' lang='lat' dir='ltr'>ita</span> 
     </span>
     <span class='ocr_line' id='line_1_5' title="bbox 142 726 1209 806; baseline 0 -19"><span class='ocrx_word' id='word_1_38' title='bbox 142 734 266 789; x_wconf 89' lang='lat' dir='ltr'>naturae</span> <span class='ocrx_word' id='word_1_39' title='bbox 282 735 514 789; x_wconf 86' lang='lat' dir='ltr'>consentaneum</span> <span class='ocrx_word' id='word_1_40' title='bbox 530 728 576 801; x_wconf 90' lang='lat' dir='ltr'>sit,</span> <span class='ocrx_word' id='word_1_41' title='bbox 592 736 626 790; x_wconf 92' lang='lat' dir='ltr'>ut</span> <span class='ocrx_word' id='word_1_42' title='bbox 640 728 671 788; x_wconf 91' lang='lat' dir='ltr'>in</span> <span class='ocrx_word' id='word_1_43' title='bbox 685 747 721 788; x_wconf 92' lang='lat' dir='ltr'>eo</span> <span class='ocrx_word' id='word_1_44' title='bbox 736 727 901 790; x_wconf 80' lang='lat' dir='ltr'>moderatio</span> <span class='ocrx_word' id='word_1_45' title='bbox 913 735 942 789; x_wconf 88' lang='lat' dir='ltr'>et</span> <span class='ocrx_word' id='word_1_46' title='bbox 951 726 1145 806; x_wconf 86' lang='lat' dir='ltr'>temperantia</span> <span class='ocrx_word' id='word_1_47' title='bbox 1155 745 1209 806; x_wconf 88' lang='lat' dir='ltr'>ap-</span> 
     </span>
     <span class='ocr_line' id='line_1_6' title="bbox 145 811 1269 892; baseline 0.001 -19"><span class='ocrx_word' id='word_1_48' title='bbox 145 819 247 890; x_wconf 81' lang='lat' dir='ltr'>pareat</span> <span class='ocrx_word' id='word_1_49' title='bbox 261 831 330 873; x_wconf 90' lang='lat' dir='ltr'>oum</span> <span class='ocrx_word' id='word_1_50' title='bbox 345 811 442 892; x_wconf 89' lang='lat' dir='ltr'>specie</span> <span class='ocrx_word' id='word_1_51' title='bbox 456 812 582 892; x_wconf 89' lang='lat' dir='ltr'>quadam</span> <span class='ocrx_word' id='word_1_52' title='bbox 597 812 728 874; x_wconf 83' lang='lat' dir='ltr'>liberali‘</span> <span class='ocrx_word' id='word_1_53' title='bbox 758 813 836 874; x_wconf 88' lang='lat' dir='ltr'>llaec</span> <span class='ocrx_word' id='word_1_54' title='bbox 849 812 888 874; x_wconf 93' lang='lat' dir='ltr'>ita</span> <span class='ocrx_word' id='word_1_55' title='bbox 902 811 1027 891; x_wconf 79' lang='lat' dir='ltr'>intellegi</span> <span class='ocrx_word' id='word_1_56' title='bbox 1046 830 1208 891; x_wconf 90' lang='lat' dir='ltr'>possumus</span> <span class='ocrx_word' id='word_1_57' title='bbox 1227 813 1269 874; x_wconf 75' lang='lat'>28</span> 
     </span>
     <span class='ocr_line' id='line_1_7' title="bbox 146 895 1262 978; baseline 0.001 -22"><span class='ocrx_word' id='word_1_58' title='bbox 146 895 314 958; x_wconf 84' lang='lat' dir='ltr'>existimare</span> <span class='ocrx_word' id='word_1_59' title='bbox 328 916 363 957; x_wconf 83' lang='lat' dir='ltr'>er</span> <span class='ocrx_word' id='word_1_60' title='bbox 378 916 414 958; x_wconf 88' lang='lat' dir='ltr'>eo</span> <span class='ocrx_word' id='word_1_61' title='bbox 429 897 547 972; x_wconf 88' lang='lat' dir='ltr'>decoro,</span> <span class='ocrx_word' id='word_1_62' title='bbox 561 898 640 978; x_wconf 90' lang='lat' dir='ltr'>quod</span> <span class='ocrx_word' id='word_1_63' title='bbox 652 903 756 977; x_wconf 74' lang='lat' dir='ltr'>poetae</span> <span class='ocrx_word' id='word_1_64' title='bbox 767 898 937 978; x_wconf 88' lang='lat' dir='ltr'>sequuntur,</span> <span class='ocrx_word' id='word_1_65' title='bbox 953 897 988 958; x_wconf 92' lang='lat' dir='ltr'>de</span> <span class='ocrx_word' id='word_1_66' title='bbox 1003 915 1063 976; x_wconf 87' lang='lat' dir='ltr'>quo</span> <span class='ocrx_word' id='word_1_67' title='bbox 1075 897 1131 958; x_wconf 88' lang='lat' dir='ltr'>alio</span> <span class='ocrx_word' id='word_1_68' title='bbox 1142 897 1212 958; x_wconf 81' lang='lat' dir='ltr'>loeo&#39;</span> <span class='ocrx_word' id='word_1_69' title='bbox 1229 907 1262 958; x_wconf 81' lang='lat'>97</span> 
     </span>
     <span class='ocr_line' id='line_1_8' title="bbox 144 980 1210 1062; baseline 0.001 -21"><span class='ocrx_word' id='word_1_70' title='bbox 144 980 230 1059; x_wconf 85' lang='lat' dir='ltr'>plura</span> <span class='ocrx_word' id='word_1_71' title='bbox 249 981 307 1043; x_wconf 90' lang='lat' dir='ltr'>dici</span> <span class='ocrx_word' id='word_1_72' title='bbox 325 983 428 1044; x_wconf 87' lang='lat' dir='ltr'>solent</span> <span class='ocrx_word' id='word_1_73' title='bbox 464 981 522 1043; x_wconf 89' lang='lat' dir='ltr'>Sed</span> <span class='ocrx_word' id='word_1_74' title='bbox 546 990 610 1044; x_wconf 93' lang='lat' dir='ltr'>tum</span> <span class='ocrx_word' id='word_1_75' title='bbox 632 1001 746 1044; x_wconf 87' lang='lat' dir='ltr'>servare</span> <span class='ocrx_word' id='word_1_76' title='bbox 770 982 840 1044; x_wconf 92' lang='lat' dir='ltr'>illud</span> <span class='ocrx_word' id='word_1_77' title='bbox 859 988 977 1062; x_wconf 73' lang='lat' dir='ltr'>poetas,</span> <span class='ocrx_word' id='word_1_78' title='bbox 1002 981 1082 1061; x_wconf 88' lang='lat' dir='ltr'>quod</span> <span class='ocrx_word' id='word_1_79' title='bbox 1102 981 1210 1056; x_wconf 85' lang='lat' dir='ltr'>deceat,</span> 
     </span>
     <span class='ocr_line' id='line_1_9' title="bbox 145 1064 1211 1149; baseline 0.001 -24"><span class='ocrx_word' id='word_1_80' title='bbox 145 1064 284 1140; x_wconf 79' lang='lat' dir='ltr'>dicimus,</span> <span class='ocrx_word' id='word_1_81' title='bbox 310 1085 378 1129; x_wconf 85' lang='lat' dir='ltr'>oum</span> <span class='ocrx_word' id='word_1_82' title='bbox 402 1067 445 1139; x_wconf 90' lang='lat' dir='ltr'>id,</span> <span class='ocrx_word' id='word_1_83' title='bbox 474 1067 553 1146; x_wconf 91' lang='lat' dir='ltr'>quod</span> <span class='ocrx_word' id='word_1_84' title='bbox 578 1087 692 1148; x_wconf 88' lang='lat' dir='ltr'>quaque</span> <span class='ocrx_word' id='word_1_85' title='bbox 715 1084 845 1149; x_wconf 87' lang='lat' dir='ltr'>persona</span> <span class='ocrx_word' id='word_1_86' title='bbox 860 1068 1061 1148; x_wconf 79' lang='lat' dir='ltr'>dignum&#39;est‚</span> <span class='ocrx_word' id='word_1_87' title='bbox 1082 1073 1111 1127; x_wconf 92' lang='lat' dir='ltr'>et</span> <span class='ocrx_word' id='word_1_88' title='bbox 1129 1066 1164 1127; x_wconf 83' lang='lat' dir='ltr'>nt</span> <span class='ocrx_word' id='word_1_89' title='bbox 1182 1073 1211 1126; x_wconf 92' lang='lat' dir='ltr'>et</span> 
     </span>
    </p>

    <p class='ocr_par' dir='ltr' id='par_1_3' title="bbox 65 1160 73 1201">
     <span class='ocr_line' id='line_1_10' title="bbox 65 1160 73 1201; baseline 0 0"><span class='ocrx_word' id='word_1_90' title='bbox 65 1160 73 1201; x_wconf 77' lang='lat' dir='ltr'>t</span> 
     </span>
    </p>
   </div>
   <div class='ocr_carea' id='block_1_3' title="bbox 50 1150 1046 1379">
    <p class='ocr_par' dir='ltr' id='par_1_4' title="bbox 50 1150 1046 1379">
     <span class='ocr_line' id='line_1_11' title="bbox 144 1150 1046 1226; baseline -0.013 -15"><span class='ocrx_word' id='word_1_91' title='bbox 144 1150 259 1225; x_wconf 88' lang='lat' dir='ltr'>dicitur,</span> <span class='ocrx_word' id='word_1_92' title='bbox 275 1158 317 1226; x_wconf 88' lang='lat' dir='ltr'>ut,</span> <span class='ocrx_word' id='word_1_93' title='bbox 335 1153 360 1213; x_wconf 91' lang='lat' dir='ltr'>si</span> <span class='ocrx_word' id='word_1_94' title='bbox 375 1152 487 1213; x_wconf 81' lang='lat' dir='ltr'>Aeacus</span> <span class='ocrx_word' id='word_1_95' title='bbox 503 1160 553 1213; x_wconf 89' lang='lat' dir='ltr'>aut</span> <span class='ocrx_word' id='word_1_96' title='bbox 567 1152 663 1214; x_wconf 89' lang='lat' dir='ltr'>llinos</span> <span class='ocrx_word' id='word_1_97' title='bbox 679 1153 807 1219; x_wconf 62' lang='lat' dir='ltr'>dicerets</span> <span class='ocrx_word' id='word_1_98' title='bbox 1045 1195 1046 1199; x_wconf 75' lang='grc'>,</span> 
     </span>
     <span class='ocr_line' id='line_1_12' title="bbox 50 1173 1045 1379; baseline -0.024 -58"><span class='ocrx_word' id='word_1_99' title='bbox 50 1174 109 1305; x_wconf 47' lang='lat' dir='ltr'>fis</span> <span class='ocrx_word' id='word_1_100' title='bbox 231 1230 446 1379; x_wconf 58' lang='lat' dir='ltr'>Oderictyllcm</span> <span class='ocrx_word' id='word_1_101' title='bbox 460 1264 600 1327; x_wconf 75' lang='lat' dir='ltr'>metatore,</span> <span class='ocrx_word' id='word_1_102' title='bbox 817 1173 1045 1297; x_wconf 41' lang='lat' dir='ltr'>amm</span> 
     </span>
    </p>
   </div>
   <div class='ocr_carea' id='block_1_4' title="bbox 143 1363 728 1537">
    <p class='ocr_par' dir='ltr' id='par_1_5' title="bbox 143 1363 728 1537">
     <span class='ocr_line' id='line_1_13' title="bbox 143 1363 206 1416; baseline -0.016 0"><span class='ocrx_word' id='word_1_103' title='bbox 143 1363 206 1416; x_wconf 84' lang='lat' dir='ltr'>aut:</span> 
     </span>
     <span class='ocr_line' id='line_1_14' title="bbox 229 1430 728 1537; baseline 0.01 -24"><span class='ocrx_word' id='word_1_104' title='bbox 229 1453 315 1516; x_wconf 81' lang='lat' dir='ltr'>Notis</span> <span class='ocrx_word' id='word_1_105' title='bbox 329 1454 462 1535; x_wconf 83' lang='lat' dir='ltr'>sepulcro</span> <span class='ocrx_word' id='word_1_106' title='bbox 477 1458 537 1535; x_wconf 79' lang='lat' dir='ltr'>ipse</span> <span class='ocrx_word' id='word_1_107' title='bbox 552 1466 594 1518; x_wconf 85' lang='lat' dir='ltr'>est</span> <span class='ocrx_word' id='word_1_108' title='bbox 602 1430 728 1537; x_wconf 76' lang='lat' dir='ltr'>potens,</span> 
     </span>
    </p>
   </div>
   <div class='ocr_carea' id='block_1_5' title="bbox 74 1554 1260 2569">
    <p class='ocr_par' dir='ltr' id='par_1_6' title="bbox 74 1554 1260 2569">
     <span class='ocr_line' id='line_1_15' title="bbox 143 1554 1207 1638; baseline 0.003 -24"><span class='ocrx_word' id='word_1_109' title='bbox 143 1554 317 1615; x_wconf 88' lang='lat' dir='ltr'>indecorum</span> <span class='ocrx_word' id='word_1_110' title='bbox 331 1554 485 1630; x_wconf 87' lang='lat' dir='ltr'>rideretur,</span> <span class='ocrx_word' id='word_1_111' title='bbox 499 1556 580 1635; x_wconf 85' lang='lat' dir='ltr'>quod</span> <span class='ocrx_word' id='word_1_112' title='bbox 594 1576 646 1618; x_wconf 92' lang='lat' dir='ltr'>eos</span> <span class='ocrx_word' id='word_1_113' title='bbox 661 1558 752 1619; x_wconf 87' lang='lat' dir='ltr'>fuisse</span> <span class='ocrx_word' id='word_1_114' title='bbox 766 1559 863 1620; x_wconf 90' lang='lat' dir='ltr'>iustos</span> <span class='ocrx_word' id='word_1_115' title='bbox 878 1556 1059 1638; x_wconf 84' lang='lat' dir='ltr'>accepimus:</span> <span class='ocrx_word' id='word_1_116' title='bbox 1076 1564 1105 1619; x_wconf 90' lang='lat' dir='ltr'>at</span> <span class='ocrx_word' id='word_1_117' title='bbox 1119 1558 1207 1618; x_wconf 77' lang='lat' dir='ltr'>Atreo</span> 
     </span>
     <span class='ocr_line' id='line_1_16' title="bbox 145 1638 1208 1722; baseline 0.001 -22"><span class='ocrx_word' id='word_1_118' title='bbox 145 1638 259 1700; x_wconf 86' lang='lat' dir='ltr'>dicento</span> <span class='ocrx_word' id='word_1_119' title='bbox 277 1640 399 1719; x_wconf 85' lang='lat' dir='ltr'>plausus</span> <span class='ocrx_word' id='word_1_120' title='bbox 419 1640 594 1703; x_wconf 81' lang='lat' dir='ltr'>excitantur:</span> <span class='ocrx_word' id='word_1_121' title='bbox 614 1651 660 1703; x_wconf 89' lang='lat' dir='ltr'>est</span> <span class='ocrx_word' id='word_1_122' title='bbox 674 1642 754 1703; x_wconf 92' lang='lat' dir='ltr'>enim</span> <span class='ocrx_word' id='word_1_123' title='bbox 773 1644 859 1721; x_wconf 90' lang='lat' dir='ltr'>digna</span> <span class='ocrx_word' id='word_1_124' title='bbox 873 1660 1002 1722; x_wconf 84' lang='lat' dir='ltr'>persona</span> <span class='ocrx_word' id='word_1_125' title='bbox 1018 1641 1121 1715; x_wconf 73' lang='lat' dir='ltr'>oratio..</span> <span class='ocrx_word' id='word_1_126' title='bbox 1150 1641 1208 1702; x_wconf 87' lang='lat' dir='ltr'>Sed</span> 
     </span>
     <span class='ocr_line' id='line_1_17' title="bbox 142 1725 1209 1807; baseline 0.001 -22"><span class='ocrx_word' id='word_1_127' title='bbox 142 1729 247 1804; x_wconf 76' lang='lat' dir='ltr'>poetae</span> <span class='ocrx_word' id='word_1_128' title='bbox 261 1725 332 1805; x_wconf 89' lang='lat' dir='ltr'>quid</span> <span class='ocrx_word' id='word_1_129' title='bbox 348 1742 493 1805; x_wconf 87' lang='lat' dir='ltr'>quemque</span> <span class='ocrx_word' id='word_1_130' title='bbox 505 1725 605 1786; x_wconf 89' lang='lat' dir='ltr'>deceat</span> <span class='ocrx_word' id='word_1_131' title='bbox 618 1745 653 1787; x_wconf 82' lang='lat' dir='ltr'>er</span> <span class='ocrx_word' id='word_1_132' title='bbox 664 1744 792 1807; x_wconf 77' lang='lat' dir='ltr'>persona</span> <span class='ocrx_word' id='word_1_133' title='bbox 802 1727 979 1788; x_wconf 85' lang='lat' dir='ltr'>iudicabunt</span> <span class='ocrx_word' id='word_1_134' title='bbox 1005 1726 1099 1787; x_wconf 90' lang='lat' dir='ltr'>Nobis</span> <span class='ocrx_word' id='word_1_135' title='bbox 1110 1733 1209 1787; x_wconf 88' lang='lat' dir='ltr'>autem</span> 
     </span>
     <span class='ocr_line' id='line_1_18' title="bbox 141 1809 1208 1891; baseline 0.001 -22"><span class='ocrx_word' id='word_1_136' title='bbox 141 1826 303 1887; x_wconf 91' lang='lat' dir='ltr'>personam</span> <span class='ocrx_word' id='word_1_137' title='bbox 317 1809 461 1890; x_wconf 87' lang='lat' dir='ltr'>imposuit</span> <span class='ocrx_word' id='word_1_138' title='bbox 473 1811 538 1889; x_wconf 90' lang='lat' dir='ltr'>ipsa</span> <span class='ocrx_word' id='word_1_139' title='bbox 552 1820 656 1872; x_wconf 88' lang='lat' dir='ltr'>natura</span> <span class='ocrx_word' id='word_1_140' title='bbox 669 1829 777 1890; x_wconf 88' lang='lat' dir='ltr'>magna</span> <span class='ocrx_word' id='word_1_141' title='bbox 792 1830 860 1874; x_wconf 89' lang='lat' dir='ltr'>cum</span> <span class='ocrx_word' id='word_1_142' title='bbox 875 1811 1040 1874; x_wconf 83' lang='lat' dir='ltr'>excellentia</span> <span class='ocrx_word' id='word_1_143' title='bbox 1054 1817 1208 1891; x_wconf 88' lang='lat' dir='ltr'>praestan-</span> 
     </span>
     <span class='ocr_line' id='line_1_19' title="bbox 141 1894 1260 1977; baseline 0.002 -23"><span class='ocrx_word' id='word_1_144' title='bbox 141 1894 239 1974; x_wconf 89' lang='lat' dir='ltr'>tiaque</span> <span class='ocrx_word' id='word_1_145' title='bbox 249 1894 443 1956; x_wconf 87' lang='lat' dir='ltr'>animantium</span> <span class='ocrx_word' id='word_1_146' title='bbox 455 1895 642 1975; x_wconf 84' lang='lat' dir='ltr'>reliquarum.</span> <span class='ocrx_word' id='word_1_147' title='bbox 668 1898 812 1976; x_wconf 79' lang='lat' dir='ltr'>Quocirca</span> <span class='ocrx_word' id='word_1_148' title='bbox 826 1902 932 1977; x_wconf 79' lang='lat' dir='ltr'>poetae</span> <span class='ocrx_word' id='word_1_149' title='bbox 945 1896 977 1958; x_wconf 88' lang='lat' dir='ltr'>in</span> <span class='ocrx_word' id='word_1_150' title='bbox 991 1913 1098 1975; x_wconf 87' lang='lat' dir='ltr'>magna</span> <span class='ocrx_word' id='word_1_151' title='bbox 1112 1895 1207 1957; x_wconf 81' lang='lat' dir='ltr'>varie-</span> <span class='ocrx_word' id='word_1_152' title='bbox 1228 1905 1260 1956; x_wconf 81' lang='lat'>98</span> 
     </span>
     <span class='ocr_line' id='line_1_20' title="bbox 141 1978 1207 2062; baseline 0 -22"><span class='ocrx_word' id='word_1_153' title='bbox 141 1986 200 2040; x_wconf 91' lang='lat' dir='ltr'>tate</span> <span class='ocrx_word' id='word_1_154' title='bbox 215 1997 410 2057; x_wconf 90' lang='lat' dir='ltr'>personarum</span> <span class='ocrx_word' id='word_1_155' title='bbox 426 1980 512 2041; x_wconf 89' lang='lat' dir='ltr'>etiam</span> <span class='ocrx_word' id='word_1_156' title='bbox 527 1980 641 2042; x_wconf 87' lang='lat' dir='ltr'>vitiosis</span> <span class='ocrx_word' id='word_1_157' title='bbox 661 1980 733 2061; x_wconf 87' lang='lat' dir='ltr'>quid</span> <span class='ocrx_word' id='word_1_158' title='bbox 749 1978 950 2044; x_wconf 71' lang='lat' dir='ltr'>conveniat&#39;et</span> <span class='ocrx_word' id='word_1_159' title='bbox 964 1980 1034 2062; x_wconf 88' lang='lat' dir='ltr'>quid</span> <span class='ocrx_word' id='word_1_160' title='bbox 1050 1982 1149 2042; x_wconf 87' lang='lat' dir='ltr'>deceat</span> <span class='ocrx_word' id='word_1_161' title='bbox 1162 1978 1207 2040; x_wconf 87' lang='lat' dir='ltr'>vi·</span> 
     </span>
     <span class='ocr_line' id='line_1_21' title="bbox 142 2062 1207 2139; baseline 0.001 -16"><span class='ocrx_word' id='word_1_162' title='bbox 142 2062 266 2137; x_wconf 84' lang='lat' dir='ltr'>debunt,</span> <span class='ocrx_word' id='word_1_163' title='bbox 293 2064 380 2125; x_wconf 92' lang='lat' dir='ltr'>nobis</span> <span class='ocrx_word' id='word_1_164' title='bbox 404 2072 501 2126; x_wconf 89' lang='lat' dir='ltr'>autem</span> <span class='ocrx_word' id='word_1_165' title='bbox 526 2084 594 2127; x_wconf 90' lang='lat' dir='ltr'>cum</span> <span class='ocrx_word' id='word_1_166' title='bbox 616 2074 750 2128; x_wconf 87' lang='lat' dir='ltr'>anatnra</span> <span class='ocrx_word' id='word_1_167' title='bbox 769 2066 965 2139; x_wconf 81' lang='lat' dir='ltr'>constantiae,</span> <span class='ocrx_word' id='word_1_168' title='bbox 984 2065 1207 2136; x_wconf 83' lang='lat' dir='ltr'>moderationis,</span> 
     </span>
     <span class='ocr_line' id='line_1_22' title="bbox 141 2149 1207 2231; baseline 0.001 -22"><span class='ocrx_word' id='word_1_169' title='bbox 141 2149 362 2227; x_wconf 85' lang='lat' dir='ltr'>temperantiae,</span> <span class='ocrx_word' id='word_1_170' title='bbox 381 2150 574 2211; x_wconf 86' lang='lat' dir='ltr'>verecundiae</span> <span class='ocrx_word' id='word_1_171' title='bbox 593 2159 693 2229; x_wconf 85' lang='lat' dir='ltr'>partes</span> <span class='ocrx_word' id='word_1_172' title='bbox 714 2151 797 2213; x_wconf 87' lang='lat' dir='ltr'>datae</span> <span class='ocrx_word' id='word_1_173' title='bbox 816 2153 877 2214; x_wconf 90' lang='lat' dir='ltr'>sint</span> <span class='ocrx_word' id='word_1_174' title='bbox 897 2170 1022 2231; x_wconf 88' lang='lat' dir='ltr'>cumque</span> <span class='ocrx_word' id='word_1_175' title='bbox 1037 2150 1138 2211; x_wconf 89' lang='lat' dir='ltr'>eadem</span> <span class='ocrx_word' id='word_1_176' title='bbox 1153 2167 1207 2210; x_wconf 88' lang='lat' dir='ltr'>na·</span> 
     </span>
     <span class='ocr_line' id='line_1_23' title="bbox 142 2233 1208 2314; baseline 0.002 -21"><span class='ocrx_word' id='word_1_177' title='bbox 142 2241 208 2294; x_wconf 88' lang='lat' dir='ltr'>tura</span> <span class='ocrx_word' id='word_1_178' title='bbox 224 2233 327 2295; x_wconf 85' lang='lat' dir='ltr'>doceat</span> <span class='ocrx_word' id='word_1_179' title='bbox 340 2252 402 2295; x_wconf 92' lang='lat' dir='ltr'>non</span> <span class='ocrx_word' id='word_1_180' title='bbox 416 2235 568 2314; x_wconf 79' lang='lat' dir='ltr'>neglegere</span> <span class='ocrx_word' id='word_1_181' title='bbox 587 2253 675 2314; x_wconf 90' lang='lat' dir='ltr'>quem</span> <span class='ocrx_word' id='word_1_182' title='bbox 691 2237 727 2296; x_wconf 89' lang='lat' dir='ltr'>ad</span> <span class='ocrx_word' id='word_1_183' title='bbox 742 2238 866 2299; x_wconf 89' lang='lat' dir='ltr'>modum</span> <span class='ocrx_word' id='word_1_184' title='bbox 881 2253 937 2298; x_wconf 90' lang='lat' dir='ltr'>nos</span> <span class='ocrx_word' id='word_1_185' title='bbox 953 2236 1092 2297; x_wconf 84' lang='lat' dir='ltr'>adversus</span> <span class='ocrx_word' id='word_1_186' title='bbox 1107 2235 1208 2296; x_wconf 91' lang='lat' dir='ltr'>homi-</span> 
     </span>
     <span class='ocr_line' id='line_1_24' title="bbox 139 2320 1206 2400; baseline 0.002 -22"><span class='ocrx_word' id='word_1_187' title='bbox 139 2335 194 2378; x_wconf 93' lang='lat' dir='ltr'>nes</span> <span class='ocrx_word' id='word_1_188' title='bbox 210 2335 360 2396; x_wconf 78' lang='lat' dir='ltr'>geramuS,</span> <span class='ocrx_word' id='word_1_189' title='bbox 381 2320 505 2381; x_wconf 87' lang='lat' dir='ltr'>efficitur</span> <span class='ocrx_word' id='word_1_190' title='bbox 523 2328 557 2381; x_wconf 90' lang='lat' dir='ltr'>ut</span> <span class='ocrx_word' id='word_1_191' title='bbox 570 2327 600 2380; x_wconf 94' lang='lat' dir='ltr'>et</span> <span class='ocrx_word' id='word_1_192' title='bbox 618 2320 702 2395; x_wconf 90' lang='lat' dir='ltr'>illud,</span> <span class='ocrx_word' id='word_1_193' title='bbox 721 2323 802 2400; x_wconf 90' lang='lat' dir='ltr'>quod</span> <span class='ocrx_word' id='word_1_194' title='bbox 823 2322 859 2384; x_wconf 86' lang='lat' dir='ltr'>ad</span> <span class='ocrx_word' id='word_1_195' title='bbox 880 2338 1001 2382; x_wconf 93' lang='lat' dir='ltr'>omnem</span> <span class='ocrx_word' id='word_1_196' title='bbox 1019 2322 1206 2382; x_wconf 88' lang='lat' dir='ltr'>honestatem</span> 
     </span>
     <span class='ocr_line' id='line_1_25' title="bbox 74 2403 1205 2487; baseline 0.001 -24"><span class='ocrx_word' id='word_1_197' title='bbox 74 2473 81 2481; x_wconf 45' lang='grc'><em>,</em></span> <span class='ocrx_word' id='word_1_198' title='bbox 139 2403 280 2482; x_wconf 90' lang='lat' dir='ltr'>pertinet,</span> <span class='ocrx_word' id='word_1_199' title='bbox 301 2404 441 2465; x_wconf 86' lang='lat' dir='ltr'>decorum</span> <span class='ocrx_word' id='word_1_200' title='bbox 460 2423 549 2485; x_wconf 88' lang='lat' dir='ltr'>quam</span> <span class='ocrx_word' id='word_1_201' title='bbox 568 2405 624 2465; x_wconf 91' lang='lat' dir='ltr'>late</span> <span class='ocrx_word' id='word_1_202' title='bbox 644 2407 744 2466; x_wconf 87' lang='lat' dir='ltr'>fusum</span> <span class='ocrx_word' id='word_1_203' title='bbox 765 2407 804 2467; x_wconf 87' lang='lat' dir='ltr'>sit</span> <span class='ocrx_word' id='word_1_204' title='bbox 823 2414 961 2487; x_wconf 85' lang='lat' dir='ltr'>appareat</span> <span class='ocrx_word' id='word_1_205' title='bbox 980 2413 1009 2466; x_wconf 89' lang='lat' dir='ltr'>et</span> <span class='ocrx_word' id='word_1_206' title='bbox 1027 2406 1098 2479; x_wconf 88' lang='lat' dir='ltr'>hoc,</span> <span class='ocrx_word' id='word_1_207' title='bbox 1124 2404 1205 2484; x_wconf 88' lang='lat' dir='ltr'>quod</span> 
     </span>
     <span class='ocr_line' id='line_1_26' title="bbox 140 2488 1209 2569; baseline 0.001 -21"><span class='ocrx_word' id='word_1_208' title='bbox 140 2495 290 2567; x_wconf 84' lang='lat' dir='ltr'>spectatur</span> <span class='ocrx_word' id='word_1_209' title='bbox 303 2488 406 2550; x_wconf 88' lang='lat' dir='ltr'>inuno</span> <span class='ocrx_word' id='word_1_210' title='bbox 418 2507 536 2569; x_wconf 89' lang='lat' dir='ltr'>quoque</span> <span class='ocrx_word' id='word_1_211' title='bbox 551 2507 656 2568; x_wconf 87' lang='lat' dir='ltr'>genere</span> <span class='ocrx_word' id='word_1_212' title='bbox 667 2490 791 2552; x_wconf 83' lang='lat' dir='ltr'>virtutis.</span> <span class='ocrx_word' id='word_1_213' title='bbox 818 2492 857 2554; x_wconf 92' lang='lat' dir='ltr'>Ut</span> <span class='ocrx_word' id='word_1_214' title='bbox 867 2490 946 2552; x_wconf 87' lang='lat' dir='ltr'>enim</span> <span class='ocrx_word' id='word_1_215' title='bbox 958 2489 1125 2569; x_wconf 87' lang='lat' dir='ltr'>pulcritudo</span> <span class='ocrx_word' id='word_1_216' title='bbox 1138 2507 1209 2550; x_wconf 60' lang='lat' dir='ltr'>cor-t</span> 
     </span>
    </p>
   </div>
   <div class='ocr_carea' id='block_1_6' title="bbox 136 2671 1251 4031">
    <p class='ocr_par' dir='ltr' id='par_1_7' title="bbox 224 2671 1207 2743">
     <span class='ocr_line' id='line_1_27' title="bbox 224 2671 1207 2743; baseline 0 -20"><span class='ocrx_word' id='word_1_217' title='bbox 224 2676 307 2738; x_wconf 68' lang='lat' dir='ltr'>neunt,</span> <span class='ocrx_word' id='word_1_218' title='bbox 320 2678 385 2724; x_wconf 81' lang='lat' dir='ltr'>ut—</span> <span class='ocrx_word' id='word_1_219' title='bbox 393 2673 485 2724; x_wconf 61' lang='lat' dir='ltr'>catut:</span> <span class='ocrx_word' id='word_1_220' title='bbox 497 2673 549 2736; x_wconf 90' lang='lat' dir='ltr'>vgl.</span> <span class='ocrx_word' id='word_1_221' title='bbox 560 2671 577 2737; x_wconf 88' lang='lat' dir='ltr'>l,</span> <span class='ocrx_word' id='word_1_222' title='bbox 588 2672 611 2738; x_wconf 88' lang='lat'>3,</span> <span class='ocrx_word' id='word_1_223' title='bbox 621 2674 645 2724; x_wconf 80' lang='lat'>8.</span> <span class='ocrx_word' id='word_1_224' title='bbox 737 2675 861 2737; x_wconf 68' lang='lat' dir='ltr'>Quocirca</span> <span class='ocrx_word' id='word_1_225' title='bbox 872 2676 971 2743; x_wconf 70' lang='lat' dir='ltr'>podiae.</span> <span class='ocrx_word' id='word_1_226' title='bbox 991 2674 1045 2725; x_wconf 84' lang='lat' dir='ltr'>Der</span> <span class='ocrx_word' id='word_1_227' title='bbox 1056 2673 1207 2725; x_wconf 83' lang='lat' dir='ltr'>Gedanlren-</span> 
     </span>
    </p>

    <p class='ocr_par' dir='ltr' id='par_1_8' title="bbox 136 2733 1251 3354">
     <span class='ocr_line' id='line_1_28' title="bbox 172 2733 1207 2807; baseline 0 -15"><span class='ocrx_word' id='word_1_228' title='bbox 172 2733 193 2792; x_wconf 72' lang='lat'><em>2</em></span> <span class='ocrx_word' id='word_1_229' title='bbox 216 2773 226 2792; x_wconf 84' lang='lat'><strong>.</strong></span> <span class='ocrx_word' id='word_1_230' title='bbox 245 2741 286 2791; x_wconf 81' lang='lat'>97.</span> <span class='ocrx_word' id='word_1_231' title='bbox 304 2741 522 2793; x_wconf 82' lang='lat' dir='ltr'>alioloco:inden</span> <span class='ocrx_word' id='word_1_232' title='bbox 532 2740 647 2792; x_wconf 82' lang='lat' dir='ltr'>Leltrhii·</span> <span class='ocrx_word' id='word_1_233' title='bbox 700 2744 909 2807; x_wconf 81' lang='lat' dir='ltr'>zusammenlrang</span> <span class='ocrx_word' id='word_1_234' title='bbox 923 2743 958 2793; x_wconf 88' lang='lat' dir='ltr'>ist</span> <span class='ocrx_word' id='word_1_235' title='bbox 974 2743 1069 2793; x_wconf 87' lang='lat' dir='ltr'>dieser:</span> <span class='ocrx_word' id='word_1_236' title='bbox 1086 2740 1152 2793; x_wconf 85' lang='lat' dir='ltr'>Was</span> <span class='ocrx_word' id='word_1_237' title='bbox 1164 2741 1207 2792; x_wconf 74' lang='lat' dir='ltr'>ror</span> 
     </span>
     <span class='ocr_line' id='line_1_29' title="bbox 138 2808 1207 2876; baseline -0.001 -16"><span class='ocrx_word' id='word_1_238' title='bbox 138 2811 215 2862; x_wconf 80' lang='lat' dir='ltr'>olncrn</span> <span class='ocrx_word' id='word_1_239' title='bbox 232 2811 279 2860; x_wconf 83' lang='lat' dir='ltr'>der</span> <span class='ocrx_word' id='word_1_240' title='bbox 289 2808 410 2860; x_wconf 82' lang='lat' dir='ltr'>llhetorik</span> <span class='ocrx_word' id='word_1_241' title='bbox 424 2809 474 2859; x_wconf 87' lang='lat' dir='ltr'>und</span> <span class='ocrx_word' id='word_1_242' title='bbox 486 2808 645 2860; x_wconf 81' lang='lat' dir='ltr'>Dichtlnnst.</span> <span class='ocrx_word' id='word_1_243' title='bbox 699 2811 778 2862; x_wconf 89' lang='lat' dir='ltr'>Jeden</span> <span class='ocrx_word' id='word_1_244' title='bbox 800 2812 844 2862; x_wconf 80' lang='lat' dir='ltr'>das</span> <span class='ocrx_word' id='word_1_245' title='bbox 861 2810 1030 2862; x_wconf 85' lang='lat' dir='ltr'>Geziemende</span> <span class='ocrx_word' id='word_1_246' title='bbox 1047 2811 1093 2876; x_wconf 81' lang='lat' dir='ltr'>ist,</span> <span class='ocrx_word' id='word_1_247' title='bbox 1114 2810 1207 2860; x_wconf 81' lang='lat' dir='ltr'>riclttct</span> 
     </span>
     <span class='ocr_line' id='line_1_30' title="bbox 137 2875 1251 2945; baseline 0 -17"><span class='ocrx_word' id='word_1_248' title='bbox 137 2877 172 2928; x_wconf 90' lang='lat' dir='ltr'>So</span> <span class='ocrx_word' id='word_1_249' title='bbox 185 2877 318 2931; x_wconf 86' lang='lat' dir='ltr'>stolltCie.</span> <span class='ocrx_word' id='word_1_250' title='bbox 329 2892 367 2927; x_wconf 92' lang='lat' dir='ltr'>or.</span> <span class='ocrx_word' id='word_1_251' title='bbox 378 2875 645 2940; x_wconf 76' lang='lat' dir='ltr'>21,71niruonueu-</span> <span class='ocrx_word' id='word_1_252' title='bbox 699 2879 753 2930; x_wconf 84' lang='lat' dir='ltr'>sich</span> <span class='ocrx_word' id='word_1_253' title='bbox 766 2880 935 2930; x_wconf 85' lang='lat' dir='ltr'>naehseinem</span> <span class='ocrx_word' id='word_1_254' title='bbox 945 2878 1091 2930; x_wconf 79' lang='lat' dir='ltr'>Chamktcr.</span> <span class='ocrx_word' id='word_1_255' title='bbox 1112 2878 1206 2928; x_wconf 78' lang='lat' dir='ltr'>narum</span> <span class='ocrx_word' id='word_1_256' title='bbox 1246 2938 1251 2945; x_wconf 28' lang='grc' dir='ltr'><strong><em>ι</em></strong></span> 
     </span>
     <span class='ocr_line' id='line_1_31' title="bbox 138 2944 1205 3013; baseline 0.002 -19"><span class='ocrx_word' id='word_1_257' title='bbox 138 2961 185 2995; x_wconf 87' lang='lat' dir='ltr'>ner</span> <span class='ocrx_word' id='word_1_258' title='bbox 201 2948 241 2997; x_wconf 85' lang='lat' dir='ltr'>die</span> <span class='ocrx_word' id='word_1_259' title='bbox 262 2944 407 2998; x_wconf 81' lang='lat' dir='ltr'>Vorsclarilt</span> <span class='ocrx_word' id='word_1_260' title='bbox 422 2944 477 2996; x_wconf 84' lang='lat' dir='ltr'>nul:</span> <span class='ocrx_word' id='word_1_261' title='bbox 495 2961 646 3013; x_wconf 72' lang='lat' dir='ltr'>occuperque</span> <span class='ocrx_word' id='word_1_262' title='bbox 698 2948 800 2998; x_wconf 86' lang='lat' dir='ltr'>miisson</span> <span class='ocrx_word' id='word_1_263' title='bbox 811 2948 852 2997; x_wconf 87' lang='lat' dir='ltr'>die</span> <span class='ocrx_word' id='word_1_264' title='bbox 864 2946 967 2997; x_wconf 84' lang='lat' dir='ltr'>Dichter</span> <span class='ocrx_word' id='word_1_265' title='bbox 978 2949 1041 2997; x_wconf 84' lang='lat' dir='ltr'>auch</span> <span class='ocrx_word' id='word_1_266' title='bbox 1053 2948 1139 3009; x_wconf 80' lang='lat' dir='ltr'>senen,</span> <span class='ocrx_word' id='word_1_267' title='bbox 1152 2960 1205 2996; x_wconf 87' lang='lat' dir='ltr'>was</span> 
     </span>
     <span class='ocr_line' id='line_1_32' title="bbox 136 3010 1205 3082; baseline -0.002 -18"><span class='ocrx_word' id='word_1_268' title='bbox 136 3017 163 3064; x_wconf 78' lang='lat' dir='ltr'>in</span> <span class='ocrx_word' id='word_1_269' title='bbox 184 3015 349 3082; x_wconf 70' lang='lat' dir='ltr'>mancipante</span> <span class='ocrx_word' id='word_1_270' title='bbox 369 3017 505 3079; x_wconf 64' lang='lat' dir='ltr'>motioni,</span> <span class='ocrx_word' id='word_1_271' title='bbox 525 3016 644 3078; x_wconf 64' lang='lat' dir='ltr'>utattue,</span> <span class='ocrx_word' id='word_1_272' title='bbox 697 3015 740 3065; x_wconf 85' lang='lat' dir='ltr'>liir</span> <span class='ocrx_word' id='word_1_273' title='bbox 763 3017 812 3066; x_wconf 88' lang='lat' dir='ltr'>dcn</span> <span class='ocrx_word' id='word_1_274' title='bbox 833 3014 993 3066; x_wconf 85' lang='lat' dir='ltr'>Vorbreoher</span> <span class='ocrx_word' id='word_1_275' title='bbox 1015 3015 1071 3064; x_wconf 74' lang='lat' dir='ltr'>sicla&#39;</span> <span class='ocrx_word' id='word_1_276' title='bbox 1083 3010 1205 3077; x_wconf 83' lang='lat' dir='ltr'>‘geziomt</span> 
     </span>
     <span class='ocr_line' id='line_1_33' title="bbox 138 3080 1205 3149; baseline -0.005 -15"><span class='ocrx_word' id='word_1_277' title='bbox 138 3083 199 3147; x_wconf 76' lang='lat' dir='ltr'>pail</span> <span class='ocrx_word' id='word_1_278' title='bbox 207 3083 296 3134; x_wconf 76' lang='lat' dir='ltr'>deceat</span> <span class='ocrx_word' id='word_1_279' title='bbox 303 3086 344 3132; x_wconf 77' lang='lat' dir='ltr'>est</span> <span class='ocrx_word' id='word_1_280' title='bbox 351 3082 571 3149; x_wconf 60' lang='lat' dir='ltr'>commorandum,</span> <span class='ocrx_word' id='word_1_281' title='bbox 577 3082 647 3149; x_wconf 83' lang='lat' dir='ltr'>quod</span> <span class='ocrx_word' id='word_1_282' title='bbox 699 3084 745 3133; x_wconf 89' lang='lat' dir='ltr'>Die</span> <span class='ocrx_word' id='word_1_283' title='bbox 761 3082 844 3133; x_wconf 85' lang='lat' dir='ltr'>Natnr</span> <span class='ocrx_word' id='word_1_284' title='bbox 860 3083 922 3132; x_wconf 87' lang='lat' dir='ltr'>aher</span> <span class='ocrx_word' id='word_1_285' title='bbox 937 3085 980 3133; x_wconf 85' lang='lat' dir='ltr'>hat</span> <span class='ocrx_word' id='word_1_286' title='bbox 995 3082 1051 3132; x_wconf 85' lang='lat' dir='ltr'>dem</span> <span class='ocrx_word' id='word_1_287' title='bbox 1068 3080 1205 3131; x_wconf 86' lang='lat' dir='ltr'>Menschen</span> 
     </span>
     <span class='ocr_line' id='line_1_34' title="bbox 138 3147 1205 3219; baseline -0.003 -20"><span class='ocrx_word' id='word_1_288' title='bbox 138 3153 164 3200; x_wconf 86' lang='lat' dir='ltr'>et</span> <span class='ocrx_word' id='word_1_289' title='bbox 178 3154 205 3202; x_wconf 80' lang='lat' dir='ltr'>in</span> <span class='ocrx_word' id='word_1_290' title='bbox 222 3166 251 3203; x_wconf 81' lang='lat' dir='ltr'>re</span> <span class='ocrx_word' id='word_1_291' title='bbox 267 3149 299 3200; x_wconf 84' lang='lat' dir='ltr'>de</span> <span class='ocrx_word' id='word_1_292' title='bbox 310 3165 359 3216; x_wconf 72' lang='lat' dir='ltr'>pua</span> <span class='ocrx_word' id='word_1_293' title='bbox 370 3153 459 3216; x_wconf 76' lang='lat' dir='ltr'>agitur</span> <span class='ocrx_word' id='word_1_294' title='bbox 469 3152 584 3219; x_wconf 81' lang='lat' dir='ltr'>positum</span> <span class='ocrx_word' id='word_1_295' title='bbox 595 3154 643 3214; x_wconf 76' lang='lat' dir='ltr'>cet,</span> <span class='ocrx_word' id='word_1_296' title='bbox 697 3151 736 3202; x_wconf 87' lang='lat' dir='ltr'>uls</span> <span class='ocrx_word' id='word_1_297' title='bbox 745 3150 886 3206; x_wconf 79' lang='lat' dir='ltr'>Charalrter</span> <span class='ocrx_word' id='word_1_298' title='bbox 894 3150 1013 3214; x_wconf 83' lang='lat' dir='ltr'>gegeben,</span> <span class='ocrx_word' id='word_1_299' title='bbox 1020 3155 1121 3199; x_wconf 86' lang='lat' dir='ltr'>erstens</span> <span class='ocrx_word' id='word_1_300' title='bbox 1130 3147 1205 3197; x_wconf 83' lang='lat' dir='ltr'>iiber-</span> 
     </span>
     <span class='ocr_line' id='line_1_35' title="bbox 138 3215 1204 3288; baseline 0 -22"><span class='ocrx_word' id='word_1_301' title='bbox 138 3221 165 3268; x_wconf 84' lang='lat' dir='ltr'>et</span> <span class='ocrx_word' id='word_1_302' title='bbox 173 3222 201 3270; x_wconf 63' lang='grc' dir='ltr'>ἐπ</span> <span class='ocrx_word' id='word_1_303' title='bbox 209 3220 329 3288; x_wconf 77' lang='lat' dir='ltr'>personis</span> <span class='ocrx_word' id='word_1_304' title='bbox 342 3223 479 3282; x_wconf 84' lang='lat' dir='ltr'>eteorum,</span> <span class='ocrx_word' id='word_1_305' title='bbox 493 3220 538 3284; x_wconf 78' lang='lat' dir='ltr'>qui</span> <span class='ocrx_word' id='word_1_306' title='bbox 548 3219 643 3283; x_wconf 83' lang='lat' dir='ltr'>dieunt,</span> <span class='ocrx_word' id='word_1_307' title='bbox 697 3221 775 3285; x_wconf 85' lang='lat' dir='ltr'>haupt</span> <span class='ocrx_word' id='word_1_308' title='bbox 790 3218 837 3268; x_wconf 91' lang='lat' dir='ltr'>den</span> <span class='ocrx_word' id='word_1_309' title='bbox 851 3216 955 3281; x_wconf 85' lang='lat' dir='ltr'>Vorzug</span> <span class='ocrx_word' id='word_1_310' title='bbox 965 3232 1013 3268; x_wconf 86' lang='lat' dir='ltr'>vor</span> <span class='ocrx_word' id='word_1_311' title='bbox 1025 3217 1073 3267; x_wconf 89' lang='lat' dir='ltr'>den</span> <span class='ocrx_word' id='word_1_312' title='bbox 1085 3215 1204 3280; x_wconf 85' lang='lat' dir='ltr'>Thiercn,</span> 
     </span>
     <span class='ocr_line' id='line_1_36' title="bbox 139 3282 1205 3354; baseline 0 -19"><span class='ocrx_word' id='word_1_313' title='bbox 139 3289 165 3335; x_wconf 88' lang='lat' dir='ltr'>et</span> <span class='ocrx_word' id='word_1_314' title='bbox 176 3303 273 3349; x_wconf 78' lang='lat' dir='ltr'>corum,</span> <span class='ocrx_word' id='word_1_315' title='bbox 286 3289 331 3352; x_wconf 81' lang='lat' dir='ltr'>qui</span> <span class='ocrx_word' id='word_1_316' title='bbox 340 3286 456 3338; x_wconf 78' lang='lat' dir='ltr'>audiunt.</span> <span class='ocrx_word' id='word_1_317' title='bbox 491 3342 495 3354; x_wconf 38' lang='grc' dir='ltr'><strong><em>Ι</em></strong></span> <span class='ocrx_word' id='word_1_318' title='bbox 698 3285 971 3350; x_wconf 69' lang='lat' dir='ltr'>danndielldfssigung,</span> <span class='ocrx_word' id='word_1_319' title='bbox 983 3282 1205 3348; x_wconf 82' lang='lat' dir='ltr'>Sohamlmftiglreit</span> 
     </span>
    </p>

    <p class='ocr_par' dir='ltr' id='par_1_9' title="bbox 137 3351 1212 3621">
     <span class='ocr_line' id='line_1_37' title="bbox 175 3351 1212 3422; baseline -0.003 -17"><span class='ocrx_word' id='word_1_320' title='bbox 175 3353 287 3418; x_wconf 79' lang='lat' dir='ltr'>Oderint,</span> <span class='ocrx_word' id='word_1_321' title='bbox 301 3356 355 3404; x_wconf 81' lang='lat' dir='ltr'>tum</span> <span class='ocrx_word' id='word_1_322' title='bbox 365 3357 426 3403; x_wconf 89' lang='lat' dir='ltr'>met.</span> <span class='ocrx_word' id='word_1_323' title='bbox 448 3351 524 3405; x_wconf 70' lang='lat' dir='ltr'>Natis</span> <span class='ocrx_word' id='word_1_324' title='bbox 533 3354 643 3422; x_wconf 80' lang='lat' dir='ltr'>sepulcr.</span> <span class='ocrx_word' id='word_1_325' title='bbox 697 3371 723 3405; x_wconf 86' lang='lat' dir='ltr'>u.</span> <span class='ocrx_word' id='word_1_326' title='bbox 733 3371 754 3405; x_wconf 85' lang='lat' dir='ltr'>s.</span> <span class='ocrx_word' id='word_1_327' title='bbox 763 3369 805 3417; x_wconf 89' lang='lat' dir='ltr'>w.‚</span> <span class='ocrx_word' id='word_1_328' title='bbox 817 3354 1015 3409; x_wconf 83' lang='lat' dir='ltr'>dalrerleucltet</span> <span class='ocrx_word' id='word_1_329' title='bbox 1024 3354 1072 3418; x_wconf 88' lang='lat' dir='ltr'>ein,</span> <span class='ocrx_word' id='word_1_330' title='bbox 1084 3352 1133 3404; x_wconf 87' lang='lat' dir='ltr'>wie</span> <span class='ocrx_word' id='word_1_331' title='bbox 1142 3353 1212 3402; x_wconf 89' lang='lat' dir='ltr'>weit·</span> 
     </span>
     <span class='ocr_line' id='line_1_38' title="bbox 139 3419 1202 3485; baseline -0.003 -14"><span class='ocrx_word' id='word_1_332' title='bbox 139 3425 185 3473; x_wconf 81' lang='lat' dir='ltr'>ecl.</span> <span class='ocrx_word' id='word_1_333' title='bbox 214 3420 290 3471; x_wconf 86' lang='lat' dir='ltr'>Boidc</span> <span class='ocrx_word' id='word_1_334' title='bbox 306 3419 388 3472; x_wconf 88' lang='lat' dir='ltr'>Verse</span> <span class='ocrx_word' id='word_1_335' title='bbox 405 3421 462 3470; x_wconf 85' lang='lat' dir='ltr'>sind</span> <span class='ocrx_word' id='word_1_336' title='bbox 478 3421 644 3472; x_wconf 79' lang='lat' dir='ltr'>varmutltlitla</span> <span class='ocrx_word' id='word_1_337' title='bbox 698 3423 751 3473; x_wconf 85' lang='lat' dir='ltr'>sich</span> <span class='ocrx_word' id='word_1_338' title='bbox 760 3423 805 3472; x_wconf 84' lang='lat' dir='ltr'>das</span> <span class='ocrx_word' id='word_1_339' title='bbox 814 3422 963 3485; x_wconf 85' lang='lat' dir='ltr'>allgemeine</span> <span class='ocrx_word' id='word_1_340' title='bbox 972 3424 1023 3472; x_wconf 92' lang='lat' dir='ltr'>und</span> <span class='ocrx_word' id='word_1_341' title='bbox 1032 3422 1076 3471; x_wconf 87' lang='lat' dir='ltr'>das</span> <span class='ocrx_word' id='word_1_342' title='bbox 1083 3420 1202 3485; x_wconf 85' lang='lat' dir='ltr'>speciolle</span> 
     </span>
     <span class='ocr_line' id='line_1_39' title="bbox 138 3487 1204 3556; baseline -0.006 -16"><span class='ocrx_word' id='word_1_343' title='bbox 138 3505 184 3540; x_wconf 84' lang='lat' dir='ltr'>ans</span> <span class='ocrx_word' id='word_1_344' title='bbox 195 3490 243 3540; x_wconf 84' lang='lat' dir='ltr'>der</span> <span class='ocrx_word' id='word_1_345' title='bbox 252 3487 378 3553; x_wconf 79' lang='lat' dir='ltr'>Tragiidie</span> <span class='ocrx_word' id='word_1_346' title='bbox 388 3487 482 3539; x_wconf 78' lang='lat' dir='ltr'>Atreus</span> <span class='ocrx_word' id='word_1_347' title='bbox 495 3490 539 3539; x_wconf 86' lang='lat' dir='ltr'>des</span> <span class='ocrx_word' id='word_1_348' title='bbox 548 3488 643 3540; x_wconf 81' lang='lat' dir='ltr'>Attius.</span> <span class='ocrx_word' id='word_1_349' title='bbox 697 3489 865 3541; x_wconf 85' lang='lat' dir='ltr'>Geziemenda</span> <span class='ocrx_word' id='word_1_350' title='bbox 875 3491 1010 3556; x_wconf 80' lang='lat' dir='ltr'>crstrcolrt,</span> <span class='ocrx_word' id='word_1_351' title='bbox 1023 3490 1047 3539; x_wconf 93' lang='lat' dir='ltr'>d.</span> <span class='ocrx_word' id='word_1_352' title='bbox 1055 3487 1204 3537; x_wconf 72' lang='lat' dir='ltr'>nesleueh-</span> 
     </span>
     <span class='ocr_line' id='line_1_40' title="bbox 137 3554 1204 3621; baseline -0.005 -13"><span class='ocrx_word' id='word_1_353' title='bbox 137 3557 248 3609; x_wconf 84' lang='lat' dir='ltr'>Ribbeck</span> <span class='ocrx_word' id='word_1_354' title='bbox 260 3564 325 3620; x_wconf 81' lang='lat' dir='ltr'>trag.</span> <span class='ocrx_word' id='word_1_355' title='bbox 336 3555 393 3607; x_wconf 86' lang='lat' dir='ltr'>Lat.</span> <span class='ocrx_word' id='word_1_356' title='bbox 405 3556 477 3620; x_wconf 87' lang='lat' dir='ltr'>lrgm.</span> <span class='ocrx_word' id='word_1_357' title='bbox 489 3556 537 3607; x_wconf 80' lang='lat'>136</span> <span class='ocrx_word' id='word_1_358' title='bbox 549 3574 574 3607; x_wconf 85' lang='lat' dir='ltr'>n.</span> <span class='ocrx_word' id='word_1_359' title='bbox 587 3557 643 3607; x_wconf 77' lang='grc'><strong>139.</strong></span> <span class='ocrx_word' id='word_1_360' title='bbox 697 3565 736 3609; x_wconf 88' lang='lat' dir='ltr'>tet</span> <span class='ocrx_word' id='word_1_361' title='bbox 751 3560 804 3621; x_wconf 87' lang='lat' dir='ltr'>ein,</span> <span class='ocrx_word' id='word_1_362' title='bbox 821 3560 880 3609; x_wconf 84' lang='lat' dir='ltr'>dass</span> <span class='ocrx_word' id='word_1_363' title='bbox 897 3575 944 3608; x_wconf 91' lang='lat' dir='ltr'>nur</span> <span class='ocrx_word' id='word_1_364' title='bbox 959 3559 1017 3620; x_wconf 81' lang='lat' dir='ltr'>dns,</span> <span class='ocrx_word' id='word_1_365' title='bbox 1034 3570 1088 3606; x_wconf 80' lang='lat' dir='ltr'>was</span> <span class='ocrx_word' id='word_1_366' title='bbox 1101 3555 1147 3604; x_wconf 89' lang='lat' dir='ltr'>mit</span> <span class='ocrx_word' id='word_1_367' title='bbox 1158 3554 1204 3604; x_wconf 88' lang='lat' dir='ltr'>der</span> 
     </span>
    </p>

    <p class='ocr_par' dir='ltr' id='par_1_10' title="bbox 136 3621 1222 4016">
     <span class='ocr_line' id='line_1_41' title="bbox 164 3621 1203 3695; baseline -0.006 -18"><span class='ocrx_word' id='word_1_368' title='bbox 164 3628 510 3695; x_wconf 77' lang='lat' dir='ltr'>proestmitiaom&#39;nwntium,</span> <span class='ocrx_word' id='word_1_369' title='bbox 517 3626 557 3675; x_wconf 90' lang='lat' dir='ltr'>ein</span> <span class='ocrx_word' id='word_1_370' title='bbox 563 3632 643 3676; x_wconf 84' lang='lat' dir='ltr'>etwas</span> <span class='ocrx_word' id='word_1_371' title='bbox 696 3627 818 3677; x_wconf 76' lang='lat' dir='ltr'>honestos</span> <span class='ocrx_word' id='word_1_372' title='bbox 832 3628 865 3676; x_wconf 87' lang='lat' dir='ltr'>im</span> <span class='ocrx_word' id='word_1_373' title='bbox 876 3626 1050 3689; x_wconf 80' lang='lat' dir='ltr'>Allgemeinen</span> <span class='ocrx_word' id='word_1_374' title='bbox 1064 3623 1117 3685; x_wconf 85' lang='lat' dir='ltr'>(das</span> <span class='ocrx_word' id='word_1_375' title='bbox 1129 3621 1165 3672; x_wconf 89' lang='lat' dir='ltr'>ist</span> <span class='ocrx_word' id='word_1_376' title='bbox 1175 3624 1203 3672; x_wconf 73' lang='lat' dir='ltr'>aie</span> 
     </span>
     <span class='ocr_line' id='line_1_42' title="bbox 138 3689 1203 3757; baseline -0.004 -14"><span class='ocrx_word' id='word_1_377' title='bbox 138 3695 224 3745; x_wconf 70' lang='lat' dir='ltr'>horter</span> <span class='ocrx_word' id='word_1_378' title='bbox 235 3693 367 3745; x_wconf 80' lang='lat' dir='ltr'>Geltrauclr</span> <span class='ocrx_word' id='word_1_379' title='bbox 379 3694 424 3744; x_wconf 85' lang='lat' dir='ltr'>dos</span> <span class='ocrx_word' id='word_1_380' title='bbox 437 3695 546 3757; x_wconf 87' lang='lat' dir='ltr'>genetiv.</span> <span class='ocrx_word' id='word_1_381' title='bbox 557 3693 643 3744; x_wconf 84' lang='lat' dir='ltr'>obiec-</span> <span class='ocrx_word' id='word_1_382' title='bbox 697 3710 798 3746; x_wconf 85' lang='lat' dir='ltr'>omnem</span> <span class='ocrx_word' id='word_1_383' title='bbox 809 3695 977 3757; x_wconf 59' lang='lat' dir='ltr'>honestatae)</span> <span class='ocrx_word' id='word_1_384' title='bbox 990 3693 1040 3743; x_wconf 93' lang='lat' dir='ltr'>nnd</span> <span class='ocrx_word' id='word_1_385' title='bbox 1048 3692 1096 3741; x_wconf 83' lang='lat' dir='ltr'>don</span> <span class='ocrx_word' id='word_1_386' title='bbox 1105 3689 1203 3741; x_wconf 79' lang='lat' dir='ltr'>Forde·</span> 
     </span>
     <span class='ocr_line' id='line_1_43' title="bbox 138 3758 1222 3828; baseline -0.006 -16"><span class='ocrx_word' id='word_1_387' title='bbox 138 3763 219 3824; x_wconf 85' lang='lat' dir='ltr'>tivus;</span> <span class='ocrx_word' id='word_1_388' title='bbox 233 3762 284 3825; x_wconf 86' lang='lat' dir='ltr'>vgl.</span> <span class='ocrx_word' id='word_1_389' title='bbox 295 3763 318 3827; x_wconf 85' lang='lat'>§.</span> <span class='ocrx_word' id='word_1_390' title='bbox 329 3760 360 3811; x_wconf 81' lang='grc'>87</span> <span class='ocrx_word' id='word_1_391' title='bbox 371 3766 497 3813; x_wconf 77' lang='lat' dir='ltr'>eontentio</span> <span class='ocrx_word' id='word_1_392' title='bbox 507 3764 645 3814; x_wconf 65' lang='lat' dir='ltr'>donorum</span> <span class='ocrx_word' id='word_1_393' title='bbox 696 3778 791 3828; x_wconf 83' lang='lat' dir='ltr'>rungen</span> <span class='ocrx_word' id='word_1_394' title='bbox 806 3764 853 3814; x_wconf 89' lang='lat' dir='ltr'>der</span> <span class='ocrx_word' id='word_1_395' title='bbox 864 3762 1011 3825; x_wconf 77' lang='lat' dir='ltr'>Miissigung</span> <span class='ocrx_word' id='word_1_396' title='bbox 1022 3758 1202 3811; x_wconf 83' lang='lat' dir='ltr'>insbesondere</span> <span class='ocrx_word' id='word_1_397' title='bbox 1218 3772 1222 3781; x_wconf 63' lang='lat'><strong>⁴</strong></span> 
     </span>
     <span class='ocr_line' id='line_1_44' title="bbox 136 3825 1202 3899; baseline -0.004 -20"><span class='ocrx_word' id='word_1_398' title='bbox 136 3827 166 3893; x_wconf 89' lang='lat' dir='ltr'>ll,</span> <span class='ocrx_word' id='word_1_399' title='bbox 186 3830 224 3894; x_wconf 78' lang='lat'>17,</span> <span class='ocrx_word' id='word_1_400' title='bbox 241 3829 274 3880; x_wconf 87' lang='grc'>58</span> <span class='ocrx_word' id='word_1_401' title='bbox 290 3829 439 3882; x_wconf 76' lang='lat' dir='ltr'>conmlatus</span> <span class='ocrx_word' id='word_1_402' title='bbox 461 3831 573 3899; x_wconf 75' lang='lat' dir='ltr'>repulsa.</span> <span class='ocrx_word' id='word_1_403' title='bbox 600 3829 642 3894; x_wconf 82' lang='grc' dir='ltr'>ΠΙ,</span> <span class='ocrx_word' id='word_1_404' title='bbox 695 3831 909 3895; x_wconf 80' lang='lat' dir='ltr'>ribereinstimmt,</span> <span class='ocrx_word' id='word_1_405' title='bbox 925 3829 968 3880; x_wconf 86' lang='lat' dir='ltr'>liir</span> <span class='ocrx_word' id='word_1_406' title='bbox 983 3843 1030 3879; x_wconf 87' lang='lat' dir='ltr'>uns</span> <span class='ocrx_word' id='word_1_407' title='bbox 1048 3830 1093 3879; x_wconf 85' lang='lat' dir='ltr'>das</span> <span class='ocrx_word' id='word_1_408' title='bbox 1110 3825 1202 3877; x_wconf 79' lang='lat' dir='ltr'>Genio-</span> 
     </span>
     <span class='ocr_line' id='line_1_45' title="bbox 136 3897 839 4016; baseline 0.004 -70"><span class='ocrx_word' id='word_1_409' title='bbox 136 3897 389 4016; x_wconf 49' lang='lat' dir='ltr'>}Il,2l¹ll(;1cartmnen</span> <span class='ocrx_word' id='word_1_410' title='bbox 409 3902 522 3951; x_wconf 59' lang='lat' dir='ltr'>curtatis.</span> <span class='ocrx_word' id='word_1_411' title='bbox 551 3900 582 3948; x_wconf 88' lang='lat' dir='ltr'>do</span> <span class='ocrx_word' id='word_1_412' title='bbox 599 3897 641 3948; x_wconf 87' lang='lat' dir='ltr'>lln.</span> <span class='ocrx_word' id='word_1_413' title='bbox 695 3900 784 3949; x_wconf 82' lang='lat' dir='ltr'>mendo</span> <span class='ocrx_word' id='word_1_414' title='bbox 796 3899 839 3950; x_wconf 88' lang='lat' dir='ltr'>ist.</span> 
     </span>
    </p>

    <p class='ocr_par' dir='ltr' id='par_1_11' title="bbox 158 4002 275 4031">
     <span class='ocr_line' id='line_1_46' title="bbox 158 4002 275 4031; baseline 0 0"><span class='ocrx_word' id='word_1_415' title='bbox 158 4002 167 4031; x_wconf 79' lang='lat'><em>7</em></span> <span class='ocrx_word' id='word_1_416' title='bbox 215 4003 222 4031; x_wconf 69' lang='lat' dir='ltr'>t</span> <span class='ocrx_word' id='word_1_417' title='bbox 269 4005 275 4016; x_wconf 93' lang='lat'>·</span> 
     </span>
    </p>
   </div>
   <div class='ocr_carea' id='block_1_7' title="bbox 0 0 1392 4502">
    <p class='ocr_par' dir='ltr' id='par_1_12' title="bbox 0 0 1392 4502">
     <span class='ocr_line' id='line_1_47' title="bbox 0 0 1392 4502; baseline 0 2"><span class='ocrx_word' id='word_1_418' title='bbox 0 0 1392 4502; x_wconf 95' lang='lat' dir='ltr'> </span> 
     </span>
    </p>
   </div>
  </div>
 </body>
</html>
