2776 4502
958 286 968 316 Ι

531 306 591 358 LlB.
604 305 623 357 l.
651 305 721 361 CAP.
733 307 776 361 28.
789 306 830 358 29.
1171 310 1212 371 75

151 465 184 521 et
197 459 331 540 explanat
344 460 414 539 quid
429 460 812 539 laciendumlugiendumve
824 461 870 523 sit.
897 459 940 525 lta
954 461 988 522 fit
997 468 1030 523 ut
1039 460 1115 529 ratio
1126 474 1212 541 praer
1259 514 1263 518 ,

151 543 200 618 sit,
216 544 363 625 appetitus
375 544 565 624 obtemperet.
592 544 697 606 Omnis
709 552 807 608 autem
819 545 1006 609 actiovaoare
1019 545 1106 608 debet
1119 553 1213 609 teme·
1231 544 1273 607 29

51 674 53 677 -
144 629 239 695 'ritate
252 638 281 692 et
294 629 474 709 neglegentia
489 648 545 692 uec
563 648 632 690 vero
647 647 733 710 agere
752 631 920 711 quicquam,
941 630 1024 693 ouius
1039 648 1102 693 nou
1116 632 1214 710 possit

152 733 272 778 oausam
283 714 468 795 probabilem
478 714 609 776 reddere.
634 713 715 777 Haeo
725 724 771 777 est
781 716 860 777 enirn
872 717 933 778 lere
944 715 1103 795 descriptio
1115 715 1213 777 officii

151 799 345 861 Efficiendum
366 806 463 863 autem
488 806 584 863 estut
609 801 755 880 appetitus
778 800 885 863 rationi
910 800 1068 863 oboediant
1092 818 1213 879 eamque
1236 809 1284 860 102

121 883 128 896 “
151 903 249 963 neque
263 891 453 963 praecurrant
466 900 521 946 nec
533 893 657 964 propter
674 886 820 965 pigritiam
836 892 886 947 aut
904 885 1050 964 ignaviam
1068 885 1214 959 deserant,

153 969 270 1047 sintque
281 968 425 1048 tranquilli
436 976 523 1048 atque
534 969 618 1031 omni
626 971 718 1033 animi
728 970 949 1051 perturbatione
960 975 1092 1031 careant:
1109 988 1144 1030 ex
1155 988 1214 1049 quo

151 1053 275 1117 elucebit
291 1053 387 1115 omnis
403 1053 567 1117 constantia
583 1053 740 1134 omnisque
758 1054 930 1117 moderatio.
958 1054 1033 1121 Nam
1052 1052 1104 1133 qui
1122 1072 1233 1137 appe-7

151 1137 223 1201 titus
237 1138 354 1217 longius
365 1146 525 1218 evagantur
535 1147 564 1201 et
574 1148 724 1220 umquam
741 1141 903 1203 exultantes
920 1138 981 1201 sive
996 1137 1141 1218 cupiendo
1154 1138 1214 1199 sire

151 1224 289 1303 sugendo
299 1241 361 1285 non
373 1224 444 1286 satis
458 1225 600 1285 aratione
611 1226 783 1300 retinentur,
797 1225 892 1291 iilsine
903 1223 994 1286 dubio
1006 1224 1095 1284 finem
1107 1231 1136 1284 et
1146 1242 1214 1284 mo·

44 1318 47 1321 '
74 1383 82 1392 .
152 1307 222 1369 dum
234 1315 397 1371 transeunt.
423 1308 601 1388 Relinquunt
612 1310 691 1371 enim
703 1318 731 1372 et
740 1310 869 1372 abiciunt
878 1308 1093 1370 oboedientiam
1101 1326 1156 1369 nec
1166 1327 1215 1369 ra-

151 1393 225 1454 tioni
239 1401 358 1472 parent,
380 1393 426 1455 eui
441 1401 512 1456 sunt
523 1394 650 1456 subiecti
664 1395 727 1473 lege
742 1403 874 1456 naturae:
894 1413 910 1454 a
925 1391 1031 1472 quibus
1046 1410 1108 1453 non
1123 1393 1214 1453 modo

152 1477 241 1537 animi
253 1477 473 1556 perturbantur,
484 1480 536 1540 sed
548 1480 635 1540 etiam
647 1499 782 1562 corpora.
792 1479 874 1541 Licet
885 1496 938 1539 ora
947 1478 1012 1557 ipsa
1023 1495 1144 1539 cernere
1155 1477 1215 1538 ira-

116 1566 119 1579 ·
152 1569 253 1623 torum
269 1569 318 1623 aut
332 1581 445 1635 eorum,
461 1563 512 1641 qui
526 1570 575 1624 aut
588 1563 707 1626 libidine
721 1565 815 1644 aliqua
829 1572 878 1626 aut
893 1570 974 1625 matu
989 1562 1131 1624 commoti
1146 1571 1216 1625 suut

152 1653 202 1708 aut
210 1645 358 1726 voluptate
368 1646 458 1706 nimia
468 1647 608 1725 gestiimt:
621 1667 747 1728 quorum
761 1650 895 1710 omnium
905 1648 1011 1719 vultus,
1016 1657 1216 1721 voces‚motus

152 1738 303 1810 statusque
317 1737 477 1793 mutantur.
502 1731 546 1792 Ex
558 1731 663 1810 quibus
675 1733 745 1794 illud
756 1733 938 1810 intellegitur,
953 1739 986 1792 ut
1001 1730 1037 1790 ad
1053 1730 1140 1792 olficii
1151 1732 1214 1791 lor·
1237 1735 1285 1786 103

151 1834 229 1876 naam
241 1816 583 1895 revertamur,appetitus
594 1834 698 1879 omnes
709 1816 924 1881 contrahendos
936 1814 1142 1894 sedandosque
1150 1834 1215 1876 esse

117 1964 125 1972 ,
151 1900 391 1981 excitandamque
403 1900 688 1964 animadversionem
701 1910 729 1964 et
739 1901 925 1981 diligentiam,
937 1907 969 1962 ut
978 1900 1095 1978 nequid
1107 1908 1216 1961 temere

128 2003 186 2071 fac
200 1986 338 2059 fortuito,
359 1986 574 2048 inconsiderate
587 1988 831 2068 neglegenterque
850 2004 980 2066 agamus.
1014 1984 1115 2064 Neque
1134 1984 1215 2045 enim

127 2074 134 2148 l
151 2070 189 2131 ita
205 2071 332 2149 generati
348 2090 365 2132 a
379 2079 482 2133 natura
498 2089 616 2146 sumus,
632 2080 666 2134 ut
679 2073 717 2134 ad
730 2073 833 2134 ludum
848 2080 877 2132 et
891 2072 989 2133 iocum
1006 2069 1073 2131 facti
1089 2071 1157 2131 esse
1169 2069 1213 2129 vi·
1281 2075 1286 2079 '

129 2160 134 2231 ζ
152 2154 282 2229 deamnr,
299 2156 351 2218 sed
367 2156 403 2217 ad
419 2157 602 2218 severitatem
613 2158 712 2237 potius
728 2158 807 2219 etad
823 2157 964 2236 quaedam
977 2154 1072 2216 studia
1083 2154 1215 2233 graviora

131 2246 237 2319 qatque
251 2240 371 2301 maiora.
382 2240 480 2303 ‘Ludo
496 2249 593 2303 autem
609 2250 637 2303 et
651 2243 719 2304 ioco
734 2243 777 2304 uti
791 2242 839 2303 illo
853 2241 971 2320 quidem
982 2238 1057 2313 lieet,
1074 2240 1126 2300 sed
1140 2238 1216 2300 sicut

135 2322 258 2386 'somno
280 2333 308 2386 et
323 2326 471 2406 quietibus
493 2327 597 2389 ceteris
618 2335 695 2400 tum,
720 2347 787 2419 cqm
808 2326 944 2406 gravibus
965 2325 1108 2407 seriisque
1126 2323 1215 2385 rebus

150 2410 389 2472 satisfecerimus.
418 2411 578 2490 Ipsumque
593 2430 684 2489 genus
705 2413 821 2474 iocandi
841 2429 903 2472 non
919 2410 1075 2489 profusum
1089 2428 1144 2470 nec
1158 2409 1215 2469 im-

151 2496 329 2569 modestum,
345 2495 396 2556 sed
411 2495 572 2572 ingenuum
588 2504 617 2556 et
631 2497 756 2557 facetum
770 2515 836 2557 esse
848 2494 942 2556 debet.
970 2494 1008 2554 Ut
1023 2494 1101 2555 enim
1116 2493 1216 2572 pueris

149 2597 213 2641 non
229 2596 350 2656 omnem
364 2578 487 2640 ludendi
497 2578 642 2640 licentiam
655 2581 770 2653 domne,
788 2580 838 2641 sed
854 2598 926 2651 eam,
942 2595 1015 2657 quae
1026 2578 1064 2639 ab
1074 2579 1216 2638 honesta-

141 2665 189 2749 tis
205 2662 371 2747 actionibus
386 2681 449 2724 non
465 2663 503 2725 sit
517 2663 618 2737 aliena,
633 2665 722 2728 sicin
738 2665 803 2745 ipso
818 2664 884 2725 ioco
897 2663 1015 2741 aliquod
1029 2662 1116 2742 probi
1131 2663 1215 2742 inge-

150 2867 310 2924 bekanutlieb
333 2867 406 2918 Plato
424 2868 491 2934 (rep.
507 2866 543 2918 lV
554 2883 578 2932 p.
592 2866 655 2933 430)
678 2870 683 2875 ’
708 2872 815 2938 propter·
826 2870 1004 2928 terremtatem,
1020 2881 1074 2916 was
1086 2868 1138 2918 alte
1151 2864 1216 2916 ller-

150 2935 248 2999 fulgen,
268 2930 450 3017 ἡγεμονικόν,
468 2930 655 3000 διανοητικόν,
709 2937 834 3000 ausgeber
858 2934 1022 2998 binzugeliigt
1045 2935 1133 2985 baben.
1155 2934 1216 2984 'Die

152 3005 184 3054 to
205 3016 320 3067 ιστικον,
333 2997 470 3073 λογισμός
481 3010 599 3068 genennt.
709 3004 858 3055 Ausdriieke
880 3007 1063 3072 praecurrunt,
1087 3003 1218 3064 deserunt,

185 3019 236 3125 dil.
253 3076 350 3141 poerit:
370 3087 416 3123 uus
428 3073 484 3122 dem
496 3072 657 3125 Abstractum
711 3076 854 3138 evagaretur
865 3088 890 3121 u.
904 3070 924 3120 s.
938 3085 969 3120 w.
988 3071 1091 3134 zeigeu,
1105 3070 1163 3120 dass
1175 3069 1217 3119 dic

152 3144 221 3193 aetio
238 3140 273 3193 ist
288 3140 365 3206 isqui
383 3147 442 3202 aget
458 3142 497 3191 uls
509 3140 614 3204 Subiect
625 3155 657 3189 zu
711 3139 804 3191 Triebe
821 3140 867 3190 mit
878 3138 976 3188 Rossen
993 3137 1136 3201 verglieben
1149 3151 1217 3187 wer-

152 3210 291 3274 ergduzen,
315 3207 391 3258 Ture.
403 3206 447 3269 lV,
459 3208 500 3273 35,
514 3207 546 3258 74
559 3211 596 3261 eie
606 3211 657 3274 igi-
712 3210 772 3270 den,
790 3208 829 3257 die
845 3222 896 3257 von
908 3207 954 3256 der
964 3204 1091 3256 Vernunlt
1102 3205 1141 3255 als
1152 3204 1218 3255 Wa-

152 3282 197 3328 tur
207 3276 311 3341 adfecto
325 3276 387 3326 baec
397 3273 539 3329 adhibenda
550 3280 656 3340 wratio,
712 3275 850 3339 genleulier
865 3274 962 3339 regiert
976 3273 1090 3338 werden,
1111 3273 1152 3323 ein
1170 3274 1219 3324 seit

152 3349 185 3395 ut
203 3346 228 3393 et
246 3343 318 3407 illud,
341 3343 409 3407 quod
427 3345 520 3410 cupiat,
541 3343 659 3397 ostendet
712 3344 785 3395 Plato
799 3342 829 3412 (s.
842 3341 948 3394 Phaedr.
961 3358 985 3409 p.
998 3341 1048 3391 246
1061 3342 1089 3408 Β)
1103 3340 1219 3392 denPlri-

152 3427 231 3478 quem
241 3410 294 3461 boe
307 3425 383 3476 quern
394 3411 604 3462 contemnendum
615 3414 658 3462 sit.
711 3413 833 3479 losopben
846 3412 905 3470 sebr
916 3410 1122 3475 gebriiueblicbes
1135 3410 1198 3460 Bild.

151 3480 210 3544 Vgl.
224 3479 255 3531 de
267 3478 309 3528 off.
322 3476 343 3540 l,
358 3475 404 3541 33,
421 3476 476 3528 121.
490 3477 529 3542 37,
546 3478 603 3530 134.
626 3478 656 3544 Il,
746 3479 794 3531 ced
809 3483 883 3530 etiam
897 3495 1022 3548 corpore:
1046 3480 1085 3528 ein
1100 3476 1218 3540 Zeugma,

154 3548 194 3612 11,
208 3547 250 3597 39.
273 3545 314 3609 lll,
327 3544 367 3611 29,
383 3545 439 3596 107.
711 3550 777 3600 deun
789 3549 939 3617 perturbari
954 3546 1021 3597 kann
1038 3547 1106 3596 nicbt
1122 3545 1220 3608 eigent·

184 3616 304 3673 Hueoort
314 3642 347 3652 -
361 3614 514 3697 dererdptim
533 3610 659 3681 καθῆκόν
711 3617 819 3667 liebvon
830 3614 1000 3682 deulldrpern
1010 3621 1099 3678 gesugt
1108 3613 1217 3674 werden,

153 3676 258 3737 ἐστινὸ
274 3681 407 3754 πραχθὲν
424 3679 541 3750 εὒλογον
553 3679 659 3735 ἀπολο·
711 3685 835 3738 uiolmebr
846 3684 998 3750 detorqueat.

151 3755 219 3820 γίαν
232 3749 296 3818 ἔχει.
320 3751 378 3814 Vgl.
391 3750 459 3801 Einl.
471 3767 496 3801 u.
509 3768 531 3801 z.
544 3750 569 3818 ξ.
582 3753 606 3802 l.
748 3751 805 3803 103.
831 3752 1048 3819 welefonem,
1066 3752 1114 3802 den
1126 3749 1222 3814 Bagriff

189 3818 245 3871 102.
255 3817 658 3888 praecurreratllffiglicberwci·
711 3822 758 3872 der
776 3819 872 3883 Priola,
887 3817 912 3885 ξ.
928 3819 959 3868 14
971 3821 1095 3886 soracum
1110 3823 1136 3868 et
1153 3823 1219 3868 tam·

153 3903 181 3938 se
191 3889 226 3938 ist
234 3888 275 3937 ein
286 3889 341 3938 dem
351 3890 660 3957 propterpt'gaafta'mnent·
712 3889 893 3956 qammsuoiem
905 3888 1008 3938 bonesti
1017 3888 1096 3938 eides.

153 3955 321 4019 spreobendar
329 3956 425 4019 Begriff
433 3955 598 4022 ausgelallen‚
611 3957 659 4007 wie
747 3958 885 4022 questibus:
898 3970 919 4006 s·
932 3971 954 4005 z.
968 3954 993 4022 ἦ.
1007 3955 1048 4005 78.

551 4052 564 4080 Β
