2776 4502
33 8 252 166 werp

524 345 617 397 men.
646 346 716 399 car.
737 348 863 399 12-15,
1183 352 1222 412 51

159 502 242 563 abest
261 501 297 563 ab
317 502 429 575 officio,
452 512 486 563 ut
505 501 578 562 nibil
597 502 691 580 magis
713 501 811 562 officio
831 500 931 579 possit
949 519 1015 562 esse
1034 503 1224 564 eontrarium.

89 650 136 683 f
159 586 323 648 Videndum
337 595 382 647 est
396 586 484 665 igitur
496 594 549 679 qq
544 605 578 647 ea
592 585 762 648 liberalitate
776 593 903 659 ummur,
918 603 993 664 quae
1003 586 1099 664 prosit
1113 588 1225 661 amieis,

158 680 263 733 nooeat
276 671 396 732 nemini.
429 672 494 746 Qua
508 689 541 732 re
551 670 584 731 L.
596 670 706 744 Sullae,
727 671 758 732 C.
771 669 903 733 Caesaris
919 670 1110 748 pecuniarum
1126 679 1225 733 trans·
1288 680 1291 686 “

85 766 92 770 ’
158 757 228 818 latio
242 775 259 817 a
273 755 360 817 iustis
374 755 503 817 dominis
519 756 556 817 ad
570 755 681 817 alienos
696 773 759 817 uon
775 755 860 817 debet
874 754 1001 816 liberalis
1015 754 1115 816 videri.
1148 756 1227 817 Nihil

159 841 239 902 enim
248 848 294 901 est
302 840 418 901 liberale
428 842 509 920 quod
518 858 581 901 non
590 841 669 902 idem
678 842 800 903 iustum.
827 841 905 901 Alter
914 840 997 902 loeus
1008 848 1070 902 erat
1081 841 1225 911 cautionis
1243 851 1277 905 44

67 970 116 994 „a
138 943 198 1016 pe
213 924 378 1003 benignitas
392 926 488 987 maior
502 935 579 987 esset
594 945 683 1005 quam
699 927 864 999 laoultateS,
880 925 960 1005 quod
975 926 1025 1004 qui
1038 925 1226 1004 benigniores

159 1011 261 1072 uolunt
274 1028 437 1090 essequam
447 1029 495 1072 res
505 1011 614 1092 patitur
625 1011 987 1095 primumineopeooant,
997 1010 1226 1095 quoil,iniuriosi

161 1096 275 1157 suntin
290 1095 453 1175 proximos.
485 1097 565 1170 Quas
581 1095 662 1158 enim
677 1090 781 1176 eopias‘
799 1095 846 1156 bis
862 1103 891 1156 et
907 1092 1090 1175 suppeditari
1105 1095 1226 1174 aequius

159 1188 205 1241 est
224 1188 253 1241 et
271 1180 407 1259 relinqui,
427 1200 475 1242 eas
495 1183 677 1244 transferunt
696 1183 732 1243 ad
754 1181 875 1243 ahenos.
909 1180 990 1241 Inest
1008 1187 1106 1240 autem
1126 1180 1158 1241 in
1177 1180 1226 1241 tali

158 1265 326 1327 liberalitate
344 1266 489 1344 cupiditas
508 1262 681 1345 plerumque
701 1266 833 1346 rapiendi
854 1273 882 1326 et
903 1265 1053 1327 auferendi
1073 1282 1127 1345 per
1146 1265 1225 1326 iniu-

159 1348 243 1425 riam,
257 1358 291 1413 ut
301 1350 337 1411 ad
352 1350 534 1429 largiendum
549 1359 707 1430 suppetant
723 1351 833 1430 copiae.
859 1349 964 1410 Videre
979 1350 1066 1410 etiam
1080 1349 1148 1411 lioet
1162 1350 1225 1428 ple-

158 1454 269 1514 rosque
283 1444 420 1495 nontam
434 1444 538 1497 natura
552 1436 685 1497 liberales
701 1435 825 1516 quadam
842 1453 930 1514 quam
947 1435 1038 1513 gloria
1054 1433 1174 1507 ductos,
1192 1442 1226 1496 ut

158 1519 284 1580 benefici
299 1518 464 1592 videantur,
484 1522 578 1582 lacere
594 1522 698 1594 multa,
721 1540 794 1601 quae
808 1519 958 1600 proficisci
977 1520 1013 1581 ab
1029 1518 1226 1580 ostentatione

160 1602 255 1683 magis
266 1621 353 1683 quam
369 1605 712 1667 auoluntatevideantnr.
743 1605 821 1666 Talis
832 1612 930 1667 autem
945 1604 1093 1664 simulatio
1109 1600 1226 1664 vanitati

159 1696 207 1750 est
223 1688 408 1775 coniunctior
427 1707 515 1768 quam
534 1699 584 1751 aut
601 1689 766 1751 liberalitati
780 1698 830 1750 aut
845 1688 1001 1750 honestati.
1033 1688 1166 1749 Tertirun
1181 1698 1227 1758 est
1244 1695 1276 1744 45

124 1773 364 1853 v..propositum
375 1774 790 1851 ptinbenefieeutiadelectus
800 1783 880 1834 esset
898 1772 1060 1850 dignitatis:
1081 1773 1182 1853 inquo
1197 1783 1227 1834 et

160 1878 261 1920 mores
277 1859 340 1920 eius
360 1867 446 1920 erunt
466 1859 633 1938 spectandi,
652 1860 684 1920 in
705 1878 792 1940 quem
807 1858 981 1919 beneficium
998 1857 1178 1932 conferetur,
1198 1865 1227 1918 et

160 1944 276 2005 animus
290 1962 360 2023 erga
374 1961 431 2005 nos
451 1953 479 2004 et
500 1945 695 2005 communitas
711 1963 745 2005 ao
765 1944 890 2005 societas
910 1942 984 2003 vitae
997 1950 1033 2003 'et
1052 1942 1089 2004 ad
1107 1951 1226 2004 nostras

159 2028 296 2090 utilitates
313 2029 407 2089 officia
423 2036 490 2090 ante
505 2029 621 2090 collata:
642 2048 716 2109 quae
732 2036 765 2090 ut
780 2035 958 2089 oonourrant
971 2027 1083 2101 omnia,
1100 2026 1227 2105 optabile

160 2121 218 2174 est:
235 2114 260 2173 si
275 2114 385 2186 miuus,
400 2114 499 2193 plures
514 2132 619 2176 oausae
633 2114 819 2193 maioresque
834 2112 977 2192 ponderis
988 2112 1056 2191 plus
1067 2111 1225 2174 habebunt.

161 2198 307 2270 Quoniam
327 2196 423 2260 autem
442 2198 547 2260 vivitur
564 2216 628 2260 non
648 2217 715 2260 eum
735 2198 872 2278 perlectis
892 2196 1064 2258 bominibus
1083 2197 1226 2276 planeque
1245 2198 1285 2259 15

161 2282 356 2361 sapientibus,
377 2284 430 2345 sed
445 2302 512 2344 oum
527 2283 579 2357 iis,
604 2284 634 2344 in
650 2284 756 2363 quibus
776 2284 924 2363 praeclare
944 2282 1038 2360 agitur
1058 2282 1084 2342 si
1099 2290 1168 2344 sunt
1184 2281 1225 2342 si·
1243 2287 1277 2338 46

160 2368 290 2429 mulaora
304 2368 434 2440 virtutis,
454 2368 540 2428 etiam
554 2368 614 2430 hoo
632 2369 857 2448 intellegendum
878 2374 967 2447 puto,
986 2367 1136 2427 neminem
1159 2385 1226 2427 orn-

159 2453 231 2514 uino
247 2471 312 2514 esse
325 2452 548 2531 neglegendum,
567 2452 599 2512 in
618 2472 677 2531 quo
698 2454 794 2533 aliqua
809 2452 982 2530 significatio
998 2450 1113 2512 virtutis
1133 2469 1225 2531 appa-

159 2545 231 2611 reat,
247 2537 404 2597 colendum
420 2545 517 2598 autem
532 2555 598 2597 esse
612 2537 652 2597 ita
666 2554 811 2621 quemque
826 2536 962 2608 maxime,
977 2542 1010 2595 ut
1025 2535 1147 2615 quisque
1163 2554 1226 2596 ma·

194 2703 237 2755 43.
254 2701 354 2755 Sullae:
364 2703 449 2754 Sullas
455 2702 668 2754 Lnnrlauweisuu·
753 2708 880 2772 primum,
897 2710 962 2754 statt
976 2702 1068 2756 deado
1079 2703 1145 2766 folgt
1159 2707 1229 2754 orest

159 2788 208 2837 gen
225 2786 257 2822 an
274 2771 477 2823 soiueSoldaten
497 2773 548 2821 und
564 2770 604 2821 (lie
620 2771 668 2821 ue·
719 2777 815 2824 eutem.
846 2770 871 2837 ξ.
884 2771 917 2821 46
937 2774 1052 2840 proteum
1067 2771 1130 2822 allud
1145 2776 1187 2822 eat
1200 2775 1228 2822 ate

160 2842 271 2904 lohuung
288 2840 373 2891 seiner
384 2839 521 2903 Anhiinger
537 2840 615 2890 durch
626 2839 667 2890 die
721 2841 807 2907 osfiem
827 2867 861 2876 -
878 2843 918 2890 ein
940 2843 1017 2892 eunt
1035 2842 1137 2892 monto.
1168 2838 1226 2902 vgl.
1298 2848 1303 2855 “

161 2907 243 2961 Giiter
253 2909 300 2959 der
311 2907 505 2960 Prosoribirteu.
534 2906 667 2959 eaeemu:
720 2906 745 2974 ᾗ.
760 2907 817 2958 100.

161 2993 182 3028 s.
195 2975 262 3040 eil,
275 2976 354 3040 8,27.
752 2975 1091 3041 glorta,llubmsuelrt,wio
1106 2974 1182 3025 Tuso.
1196 2972 1226 3039 ll,
1272 2987 1276 2993 ·

196 3044 313 3095 Caesaris
330 3046 500 3113 pecuniarum
523 3043 665 3095 truraelatio.
721 3043 762 3109 27,
774 3042 806 3092 65
823 3059 905 3109 neque
916 3042 987 3093 illurn
997 3043 1128 3104 (dolorem)
1141 3057 1228 3092 -ro·

160 3112 323 3175 Verbinduug
346 3113 417 3162 einos
440 3111 596 3177 subjectivau
616 3112 668 3162 und
721 3113 790 3161 tione
811 3115 858 3161 aut
876 3113 1003 3178 rapientia
1024 3110 1154 3171 toleraret,
1182 3107 1230 3159 aed

161 3180 303 3245 objeotiven
329 3178 438 3231 Genetiv
457 3182 503 3230 mit
523 3178 668 3231 derusolben
720 3178 807 3229 turbo
816 3181 904 3247 potior
920 3177 1048 3243 etglorua.
1070 3172 1092 3226 ll
1109 3175 1134 3242 ξ.
1145 3175 1177 3226 23
1198 3176 1228 3227 u·-

161 3248 351 3299 Substuutivum
367 3248 402 3298 ist
418 3248 467 3298 bei·
476 3248 527 3297 Cio.
541 3249 610 3298 nieht
620 3262 667 3310 go·
721 3249 825 3305 bertus,¹
842 3245 894 3309 vgl.
907 3244 1080 3308 Niigolsbaob,
1094 3244 1137 3295 lat
1152 3244 1190 3294 St.
1203 3244 1227 3309 ξ,

161 3317 222 3365 rade
244 3315 339 3378 selten,
364 3315 389 3379 ξ.
402 3315 435 3363 50
446 3318 472 3366 ai
482 3332 547 3382 quoe
557 3319 668 3367 naturae
721 3315 763 3379 49,
776 3314 800 3364 2.

155 3385 289 3453 'prinelptir
300 3387 362 3432 aunt
377 3386 574 3434 commitatus.
597 3380 622 3447 ξ.
635 3380 667 3431 32
755 3386 787 3433 ab
800 3383 1064 3447 ostentationemque
1072 3396 1149 3446 quum
1157 3397 1227 3432 ouo-

161 3452 329 3503 contentionis
360 3455 499 3519 praecepto
534 3451 669 3501 rhetorum
721 3450 827 3513 lentate,
845 3451 883 3499 als
896 3465 941 3500 aus
954 3447 1227 3511 wnbrerGesinnung;

161 3524 231 3581 aunt,
243 3517 314 3569 nullo
325 3521 459 3568 ammonae.
480 3518 567 3582 nga.
578 3517 667 3583 §.142
721 3519 754 3569 ad
761 3519 840 3569 Attio.
850 3516 915 3581 vul,
925 3517 949 3580 9,
961 3517 973 3566 1
985 3520 1063 3581 mgna
1071 3517 1226 3566 conturbara-

194 3587 238 3636 44.
255 3585 334 3650 loona,
346 3584 472 3637 (ler'l'lreil
481 3588 526 3636 des
536 3602 568 3636 zu
577 3586 669 3636 beban—
722 3591 773 3650 tur,
788 3588 881 3652 paribus
902 3585 1021 3636 uoluntas
1034 3600 1051 3633 a
1062 3583 1227 3635 umquamne

132 3664 135 3669 '
161 3655 267 3706 delutlen
292 3653 498 3718 Gegeustnudes‚
524 3655 573 3704 wie
596 3653 622 3719 ξ.
636 3653 668 3703 20
721 3655 953 3721 ἀὺὑὺιςτιὶροεεοι.

161 3725 238 3774 ratio.
266 3722 324 3785 Vgl.
338 3721 416 3788 §.aa
757 3715 809 3772 15.
822 3720 863 3772 46.
876 3719 1112 3788 praeolareugr'tur‚
1126 3720 1229 3769 essteht

195 3791 264 3857 qaod
279 3791 330 3857 qut.
357 3791 426 3857 quod
447 3791 519 3841 dieat
542 3788 667 3842 zurVer·
721 3789 885 3840 vortrolllioh.
902 3786 1038 3851 Lael.3‚ll
1051 3787 1227 3839 ourraillormo

161 3858 290 3926 kuiipluug
301 3858 401 3909 libelluli
410 3860 459 3909 wie
470 3862 560 3925 petor,
573 3857 667 3908 obenso
721 3861 777 3923 qau‘a
788 3861 867 3924 neget
877 3860 964 3919 uotum
977 3871 1034 3906 eaeo
1042 3855 1182 3924 praeclare.
1193 3881 1228 3891 ·-

162 3927 188 3976 in
203 3925 418 3993 quodquoniam,
477 3927 575 3991 odolei,
600 3924 669 3993 quod
720 3928 848 3991 inquibus
859 3925 895 3974 ist
905 3923 951 3974 mit
962 3927 1025 3974 aunt
1037 3941 1069 3972 zu
1080 3922 1227 3972 verbinden.

162 4011 229 4060 eum,
241 3994 345 4061 quode}
363 4011 383 4045 s.
394 4011 418 4046 z.
430 3994 461 4061 l,
475 3994 498 4061 8,
509 3995 552 4057 29.
671 4036 673 4043 ,
755 3993 977 4045 rememoratura:
994 3990 1035 4055 ΠΙ,
1048 3991 1073 4056 3,
1088 3988 1127 4040 13.

992 4075 1028 4123 4*
