2776 4502
173 297 216 361 88
606 252 651 349 rin
669 293 807 351 osricus

171 459 292 514 naturae
306 448 510 513 necessitatem
527 451 611 513 dame
625 457 777 530 aspectum
794 456 897 512 essent
908 450 1073 513 deformem
1087 450 1240 518 habiturae

102 533 155 601 127¹
172 543 259 616 atque
273 537 403 610 foedum,
419 555 467 599 ess
483 535 612 597 contexit
626 542 712 614 atque
727 534 850 597 abdidit.
879 534 963 598 Hauc
976 543 1100 599 naturae
1112 544 1176 600 tam
1191 540 1238 603 di-

169 622 309 700 ligentem
328 621 468 683 fabricam
487 620 598 681 imitata
612 628 657 682 est
671 619 830 683 bominum
846 608 1028 683 verecundie
1059 622 1142 696 Quae
1156 624 1237 687 enim
1333 641 1341 656 ·

169 714 275 768 natura
294 705 462 780 occultavit,
483 705 586 767 eadem
607 723 711 767 omnes
732 705 783 785 qui
800 724 872 767 sana
886 715 986 768 mente
1000 713 1071 769 sunt
1083 719 1239 772 removent

170 791 207 852 ab
222 791 328 872 oculis,
350 791 466 871 ipsique
480 790 650 853 necessitati
663 792 734 853 dant
749 810 870 870 operam
886 798 920 853 ut
934 810 1024 872 quam
1038 793 1237 858 occultissime

169 883 304 955 pareant:
328 895 512 955 quarumque
528 876 657 957 partium
673 876 808 956 corporis
824 895 898 939 usus
914 884 985 939 sunt
997 879 1171 954 necessarii,
1188 898 1237 942 eas

169 979 266 1041 neque
280 968 379 1041 partes
394 979 491 1042 neque
505 980 605 1025 esrum
619 981 694 1024 usus
706 961 769 1023 suis
781 961 954 1024 nominibus
969 962 1124 1043 appellant
1138 966 1236 1045 quod-

169 1065 226 1125 que
244 1048 338 1109 tacere
357 1055 444 1127 turpe
463 1065 525 1108 non
544 1056 603 1120 est,
623 1048 715 1109 modo
736 1047 861 1121 occulte,
881 1046 911 1138 {d
932 1047 1029 1108 dicere
1050 1048 1235 1111 obscoenum

169 1138 223 1191 est.
253 1131 354 1211 ltaque
375 1151 429 1193 nec
448 1132 523 1193 actio
543 1150 644 1197 rerum
663 1132 780 1194 illarum
795 1126 901 1210 aperta'
912 1133 1072 1212 petulantia
1086 1142 1166 1196 vacat
1180 1153 1236 1197 nec

99 1232 147 1282 128
169 1215 311 1277 orationis
333 1217 531 1279 obscoenitas.
561 1217 622 1279 Nec
641 1237 710 1279 vero
727 1217 865 1279 audiendi
881 1225 951 1278 sunt
967 1216 1065 1297 Cynici
1079 1226 1129 1280 aut
1144 1219 1169 1280 si
1185 1219 1235 1298 qui

168 1303 286 1364 luerunt
300 1301 392 1364 Stoici
411 1321 504 1383 paene
519 1301 629 1381 Cynici,
651 1303 702 1382 qui
720 1302 941 1383 reprehendunt
955 1310 984 1364 et
998 1302 1133 1378 irrident,
1153 1305 1235 1384 quod

167 1405 209 1460 ea,
224 1405 298 1466 quae
312 1405 345 1449 re
359 1388 456 1468 tmpia
470 1406 533 1449 non
547 1387 617 1461 sint,
633 1389 729 1450 verbis
740 1387 887 1466 flagitiosa
899 1388 1052 1462 ducamus,
1067 1389 1115 1450 illa
1125 1396 1232 1461 autern,

167 1489 241 1550 quae
255 1470 352 1550 turpia
365 1473 440 1545 sint,
454 1472 626 1560 nominibus
642 1474 822 1553 appellemus
837 1473 909 1534 suis.
937 1473 1137 1549 Latrocinari,
1153 1476 1233 1535 frau-

167 1557 252 1629 dare,
272 1558 434 1619 adulterare
454 1577 487 1619 re
502 1564 587 1637 turpe
602 1567 661 1628 est,
682 1559 736 1620 sed
752 1556 858 1620 dicitnr
872 1576 936 1618 non
951 1558 1112 1621 obscoene:
1131 1559 1232 1621 liberis

166 1641 235 1702 dare
251 1658 372 1721 operam
386 1661 420 1703 re
432 1643 594 1704 honestum
608 1651 667 1718 est,
687 1643 810 1705 nomine
825 1643 1025 1718 obscoenum,
1046 1644 1188 1724 pluraque
1201 1643 1234 1705 in

165 1745 232 1787 eam
263 1728 439 1805 sententiam
471 1729 507 1790 ab
532 1727 644 1790 eisdem
670 1737 773 1791 contra
800 1727 1005 1790 verecundiam
1031 1728 1232 1808 disputantur.
1374 1788 1375 1791 ,

164 1810 226 1872 Nos
253 1819 351 1873 autem
370 1821 507 1875 naturam
526 1832 685 1893 sequamur
705 1814 791 1874 stab
813 1811 909 1884 omni,
939 1812 1018 1891 quod
1038 1812 1177 1874 abhorret
1195 1814 1232 1875 ab
1307 1831 1311 1837 ·

95 1908 143 1971 129
165 1896 321 1957 oculorum
340 1898 515 1977 auriumque
534 1897 760 1976 approbafi'one,
781 1895 937 1975 fugiamus.
968 1896 1067 1958 Status
1088 1897 1232 1974 incessus,

165 1975 259 2040 sessio
276 1981 437 2054 accubatio,
453 1982 550 2042 vultus
566 1981 643 2042 oculi
657 1999 800 2042 manuum
816 1988 916 2042 motus
927 1988 1047 2042 teneant
1057 1979 1232 2045 illud‘deco-

93 2055 98 2061 ’
164 2084 239 2125 rum.
270 2065 382 2138 Quibus
398 2066 429 2127 in
444 2067 533 2127 rebus
550 2066 608 2127 duo
624 2066 751 2128 maxime
767 2073 838 2127 sunt
853 2066 1004 2144 fugienda,
1019 2068 1142 2164 nequid
1157 2069 1229 2129 etle-
1239 2085 1278 2115 s

164 2148 307 2210 minatum
323 2157 371 2210 aut
387 2150 475 2211 mobe
490 2151 658 2230 etmqquid
670 2151 777 2212 durum
794 2159 843 2212 aut
858 2151 1002 2225 rusticum
1014 2161 1061 2214 srt.
1088 2153 1150 2215 Nec
1161 2172 1230 2214 vero

163 2233 357 2301 histrionibus
381 2220 607 2317 oratoribusque
633 2236 856 2297 concedendum
882 2245 927 2298 est
952 2237 1049 2299 uthis
1069 2238 1142 2300 haec
1161 2245 1231 2318 apta

163 2319 230 2393 sint,
244 2318 330 2380 nobis
345 2319 497 2382 dissoluta.
519 2321 711 2382 Scenioorum
726 2321 844 2401 quidem
860 2339 928 2382 mos
943 2329 1055 2383 tantam
1072 2323 1163 2384 babet
1177 2342 1228 2384 ve·

161 2410 223 2464 tere
243 2404 395 2485 disciplina
409 2406 628 2479 verecundiam,
648 2407 726 2467 utin
743 2424 863 2467 scenam
879 2407 944 2467 sine
959 2405 1139 2486 subligaculo
1155 2426 1229 2487 pro·

194 2590 231 2641 ad
240 2594 349 2644 natum
360 2595 545 2659 oeomsttatem,
557 2591 613 2642 blos
625 2592 668 2643 liir
722 2609 770 2659 que
780 2596 856 2645 cacat
865 2608 911 2644 nee
923 2596 1005 2645 motio
1018 2595 1198 2647 obscoenitate.

160 2659 205 2708 des
217 2659 519 2726 netiirlicheBediirlniss,
530 2660 579 2710 wic
590 2667 667 2711 untes
758 2660 814 2711 128.
837 2664 863 2712 st
877 2662 1042 2728 quisueruot
1050 2659 1133 2713 Stoici
1145 2678 1229 2730 paene

159 2741 225 2779 usus
236 2730 456 2799 motamessorii.
478 2726 666 2793 lupentio.
722 2726 818 2794 Cpm'ce'.
853 2728 899 2780 Die
914 2728 1024 2779 Rohbeit
1039 2730 1085 2779 des
1101 2729 1226 2797 Cynikers

158 2824 666 2962 „ri-„pgqqqpqqqpq
719 2795 1227 2928 bitarrensem„tritten

158 2957 333 3097 irritu
346 2958 622 3100 irrorare
636 2983 666 3083 t
717 2929 1227 3064 lqu„naum

157 3100 226 3149 diese
237 3099 305 3151 Seite
316 3101 362 3150 der
370 3100 593 3165 Schembeftigleit
603 3101 664 3165 geht
716 3066 817 3146 mildefl
838 3065 919 3147 ωἰοὲ·
931 3066 1029 3184 hier}
1036 3066 1125 3147 VHt3
1143 3063 1225 3174 simi:

156 3166 207 3217 cic.
220 3183 267 3247 gar
279 3169 347 3218 nicht
359 3169 408 3248 ein.
444 3169 481 3249 Fir
493 3169 591 3249 sebeint
606 3170 661 3219 also
695 3176 700 3180 ’
715 3149 778 3251 ζων
795 3150 833 3252 ‘22
848 3149 1225 3265 ffi‘ffchfssandvgfflbsffld

156 3235 218 3283 ancli
238 3237 294 3284 brer
314 3251 362 3285 nur
377 3237 418 3285 dre
436 3236 598 3301 Emtberluug
613 3253 661 3287 von
731 3217 802 3268 xum
834 3217 867 3266 γ’

156 3302 203 3351 den
216 3300 335 3352 Stoilrern
353 3309 510 3353 entnommen
528 3305 661 3369 zunhuben,
716 3271 786 3319 ”eine
803 3269 910 3320 schin&
929 3271 985 3320 dem
1001 3270 1133 3336 Cynismm
1153 3273 1225 3322 ¹³⁰¹st

154 3368 272 3419 wiibreud
289 3370 329 3420 die
341 3369 504 3435 Ausliibruug
521 3372 597 3436 seine,
607 3373 662 3435 eig-
715 3337 1126 3472 ᾖῗὲὄζθὲἑεῗμὲἓὲἔΜὲἒΞξῖἒ
1138 3339 1223 3459 ἓξὲξ·

155 3453 204 3487 ¹¹³⁰
218 3436 474 3488 Gfflfflkfflffltfflt'
716 3475 811 3524 bouem
822 3473 869 3524 alii
876 3473 972 3537 (Stoici)
984 3474 1075 3526 cadere
1083 3478 1112 3525 io
1120 3491 1152 3525 ru
1174 3478 1181 3489 ⁰
1210 3503 1222 3512 ·

187 3539 366 3589 uenerationis
377 3538 533 3588 obscoenitas
538 3537 613 3588 siml.
616 3554 661 3606 pe-
716 3543 780 3604 tem,
800 3541 846 3591 elii
855 3557 907 3592 oon
918 3542 1011 3594 cadere
1021 3542 1115 3594 deone
1139 3491 1223 3592 [mr

155 3604 264 3656 toloneo
275 3611 360 3657 vacet.-
370 3607 508 3656 oratoboe.
522 3605 661 3671 entspricbt
714 3623 769 3658 wer
786 3609 857 3659 einer
873 3609 943 3660 ihrer
954 3610 1044 3662 Siitze:
1065 3604 1115 3660 τὸν
1128 3605 1223 3678 σοφὸν

91 3716 94 3726 ,
154 3673 287 3723 demoetio
299 3678 397 3742 operto
431 3672 665 3724 DieaurlereLes-v
714 3669 935 3795 suboppqpoveiv
953 3679 984 3728 ad
996 3677 1054 3728 fam.
1066 3676 1111 3741 IX,
1126 3677 1157 3726 22
1171 3679 1222 3728 ond

151 3747 193 3790 art
203 3743 289 3792 oratio
295 3743 465 3794 obscoenitate
476 3741 603 3793 verbiotet
614 3743 660 3792 der
713 3744 785 3807 Diog.
820 3753 883 3795 cert
895 3714 948 3808 vil,
961 3744 1006 3794 121
1022 3747 1125 3796 κυνιεῖν
1133 3762 1163 3796 τε
1171 3740 1222 3798 τὸν

96 3822 100 3829 ’
152 3807 213 3857 Sinn
225 3809 276 3858 unrl
288 3808 327 3858 die
339 3809 509 3860 bestenlldss.
532 3809 659 3860 Cicwiir-
714 3806 808 3880 σοφόν
825 3813 928 3882 (φασι)·
951 3807 1088 3884 εἶναιγὰρ
1108 3807 1159 3865 τὸν
1174 3830 1221 3863 κυ-

152 3875 182 3923 de
203 3876 268 3925 donn
293 3876 407 3927 zweimal
431 3877 659 3943 desselbe=gesegt
711 3875 816 3962 osopio
844 3876 986 3949 σύντομον
1014 3876 1089 3953 πρὸς
1119 3875 1220 3951 ἀρετὴν

151 3939 243 3990 beben:
261 3943 381 3999 tddr'cere
390 3948 542 3998 obscoenum
550 3949 596 4015 ert,
608 3949 657 3997 ito·
713 3944 790 4000 ὁδον.
