2776 4502
514 297 519 306 ’
551 328 612 380 mu
624 327 644 379 1.
671 328 743 380 cur.
755 328 797 381 44.
810 329 852 380 ts.
1174 333 1234 396 103

173 484 212 546 sit
226 467 370 562 quaedarri
383 492 412 543 et
430 482 605 571 immanitqs.
635 480 678 542 lta
692 482 725 542 lit
743 490 776 544 ut
793 483 889 545 vincat
908 483 1084 563 cognitionis
1104 486 1234 549 studium

174 569 353 630 consociatio
368 568 524 630 homiuum
546 575 633 647 atque
653 569 859 629 communitas.
889 569 950 630 Nec
969 588 1071 631 rerum
1091 571 1234 652 estquod
1257 583 1307 635 158*

174 653 280 715 dicitur
295 673 310 714 a
326 653 517 733 quibusdam,
536 659 660 731 propter
678 653 882 734 necessitatem
898 654 984 729 vitae,
1004 655 1083 734 quod
1099 674 1145 729 en,
1162 675 1235 736 quae
1269 658 1276 668 “

171 746 276 800 notura
292 738 484 812 desideraret,
507 737 647 818 consequi
662 736 726 799 sine
745 738 808 799 aliis
824 748 909 819 atque
923 741 1036 801 efficere
1051 759 1113 813 non
1128 759 1234 820 posse-

173 841 256 897 mus,
275 823 384 884 idcirco
404 823 507 885 initam
522 841 588 884 esse
607 841 675 884 cum
694 823 866 885 hominihus
882 824 1123 886 communitatem
1139 833 1167 886 ot
1182 844 1234 887 so-

174 908 316 969 cietatem.
346 909 433 981 Quod
449 909 475 969 si
491 908 590 969 omnia
604 907 702 982 nobis,
718 927 791 988 quae
806 909 843 970 ad
857 909 966 973 victum
981 910 1149 990 cultumque
1164 929 1234 989 per-

172 993 274 1067 tinent,
286 993 369 1073 quasi
381 994 490 1073 virgula
503 993 607 1066 divina,
621 1001 655 1054 ut
667 993 757 1067 aiunt,
770 994 1033 1074 suppeditarentur,
1044 1003 1107 1056 tum
1120 996 1233 1074 optimo

174 1078 298 1158 quisque
313 1079 429 1156 ingenio
446 1079 571 1157 negotiis
588 1077 725 1139 omuibus
740 1080 861 1140 omissis
873 1086 970 1141 totum
982 1099 1014 1140 se
1025 1080 1055 1141 in
1068 1080 1234 1160 cognitione

62 1221 65 1226 .
113 1216 124 1225 .
174 1170 203 1223 et
217 1163 341 1224 scientia
362 1165 524 1225 collocaret.
556 1164 624 1225 Non
639 1171 684 1224 est
702 1164 749 1224 ita.
779 1164 854 1225 Nem
873 1172 902 1225 et
916 1165 1102 1226 solitudinem
1123 1167 1235 1245 fugeret

172 1256 200 1309 et
215 1248 332 1330 socium
345 1249 433 1310 studii
447 1256 614 1328 quaereret,
627 1256 692 1318 tum
708 1250 829 1322 docere,
850 1257 914 1311 tum
930 1250 1044 1312 discere
1057 1250 1154 1325 vellet,
1169 1257 1234 1311 tum

173 1334 284 1407 audire,
300 1340 363 1394 tum
380 1334 484 1395 dicere.
511 1335 588 1412 Ergo
605 1352 693 1393 omne
704 1333 843 1407 osticium,
858 1335 937 1413 quod
948 1335 983 1395 ad
997 1335 1233 1405 coniunctionem

172 1419 327 1479 hominum
345 1419 423 1480 etad
439 1418 610 1479 societatem
624 1419 764 1479 tuendam
776 1419 862 1492 valet,
878 1421 1117 1499 anteponendum
1134 1427 1181 1480 est
1195 1420 1233 1479 illi

174 1502 280 1575 cilicio,
296 1503 376 1582 quod
391 1503 558 1581 cognitione
573 1509 602 1563 et
618 1503 739 1564 scientia
753 1502 927 1586 continetur.

258 1587 332 1647 lllud
347 1587 470 1647 forsitan
487 1588 684 1666 quaerendum
697 1587 743 1660 sit,
759 1607 833 1650 num
848 1589 921 1649 haec
937 1589 1144 1664 communitas
1160 1608 1234 1668 quae
1252 1587 1293 1646 45

173 1670 301 1732 maxime
321 1678 367 1731 est
385 1680 451 1751 apta
472 1680 604 1745 naturae,
631 1673 670 1733 sit
691 1673 776 1733 etiam
799 1672 992 1734 moderationi
1015 1673 1234 1751 modestiaeque
1258 1679 1305 1730 159
1363 1698 1366 1707 ’

174 1775 292 1837 semper
312 1758 526 1836 anteponenda.
564 1756 632 1817 Non
651 1758 753 1836 placet.
775 1757 850 1819 Sunt
870 1757 949 1833 enim
964 1758 1106 1837 quaedam
1128 1758 1267 1845 partimfj
1278 1808 1288 1839 p
1321 1808 1346 1837 A„
1358 1819 1384 1845 ,θ’

172 1841 212 1902 ita
224 1840 316 1914 loeda,
330 1841 437 1921 partim
453 1843 492 1902 ita
503 1841 655 1920 flagitiosa,
670 1851 703 1902 ut
718 1861 750 1904 ea
765 1862 803 1903 ne
818 1842 1034 1904 conservandae
1049 1841 1167 1923 quidem
1181 1861 1235 1922 pa·
1305 1840 1342 1901 'si
1355 1834 1384 1887 24

172 1927 244 1987 triae
257 1923 345 1988 causa
355 1926 476 2006 sapiens
493 1928 622 1988 facturus
638 1927 684 1988 sit.
710 1928 751 1988 Ea
765 1928 946 1990 Posidonius
958 1928 1072 2007 collegit
1082 1928 1235 2006 permulta,

173 2012 224 2072 sed
243 2012 281 2073 ita
296 2020 388 2073 taetra
404 2012 560 2092 quaedam,
580 2013 619 2074 ita
633 2013 795 2088 obscoena,
811 2020 844 2074 ut
859 2013 938 2075 dictu
952 2032 1070 2094 quoque
1083 2013 1236 2074 videantur

101 2093 107 2099 ’
171 2097 276 2176 turpia.
306 2097 386 2158 Haec
401 2098 489 2177 igitur
503 2115 565 2159 nou
587 2098 729 2177 suscipiet
743 2099 785 2159 rei
800 2098 933 2177 publicae
945 2118 1042 2171 causa,
1060 2117 1097 2159 ne
1113 2117 1161 2159 res
1177 2116 1235 2177 pu-

171 2180 246 2243 blice
258 2181 376 2259 quidem
387 2201 442 2261 pro
453 2202 485 2243 se
496 2183 607 2261 suscipi
617 2184 702 2245 volet.
731 2183 789 2245 Sed
801 2185 861 2266 hoc
870 2184 1055 2249 commodius
1071 2202 1103 2244 se
1117 2202 1166 2244 res
1181 2183 1235 2242 ha-

172 2265 235 2340 bet,
256 2267 340 2345 quod
354 2284 416 2328 non
436 2275 535 2346 potest
554 2268 687 2330 accidere
706 2278 838 2349 tempus,
861 2277 894 2328 ut
912 2268 1026 2329 intersit
1044 2267 1236 2347 reipublicae

173 2351 329 2430 quicquam
344 2352 462 2413 illorum
474 2355 567 2413 lacere
579 2353 750 2431 sapientem.
782 2354 878 2426 Quare
892 2355 951 2413 hoc
965 2353 1083 2434 quidem
1099 2353 1235 2412 ellectum
1257 2355 1305 2407 too

173 2436 225 2509 sit,
242 2436 273 2497 in
290 2435 394 2497 ciliciis
410 2437 570 2517 deligendis
586 2437 622 2498 id*
632 2457 726 2516 genus
743 2438 907 2499 officiorum
923 2439 1075 2511 excellere,
1097 2437 1176 2516 quod
1190 2444 1236 2495 te·

95 2512 105 2530 ‘
172 2527 275 2580 neatur
289 2521 444 2581 hominum
461 2522 608 2582 societate.
643 2523 759 2583 Etenim
780 2522 975 2599 cognitionem
991 2522 1236 2601 prudentiamque

173 2695 229 2737 tere
241 2686 405 2750 Ausliihruug
416 2689 450 2737 ist
462 2687 530 2737 nicht
541 2689 635 2753 n'o'thig,
648 2690 680 2738 da
734 2688 880 2739 Gottlaeiteu
897 2690 946 2739 wie
963 2688 1036 2739 Circe
1049 2688 1236 2741 Verwandlun-

173 2756 250 2805 sclrou
263 2755 287 2819 §-
301 2753 332 2803 62
346 2755 447 2818 gezeigt
459 2756 505 2818 ist,
527 2756 585 2805 dass
598 2756 680 2806 lloch-
733 2773 781 2820 gen
793 2757 999 2820 hervorlrriugeu.

138 2835 142 2850 “
172 2821 679 2886 siuuoluueGereclrtigkeitnichtexisti-
767 2816 819 2874 45.
845 2825 902 2874 159.
916 2824 1075 2891 foedarim,
1096 2825 1236 2875 waseinen

171 2907 216 2941 ren
229 2891 303 2940 kann.
398 2897 414 2960 J
731 2892 882 2956 hiisslicheu,
895 2892 1237 2956 widerwiirtigeuEindruck

208 2959 265 3008 158.
289 2958 475 3025 aquibusdam.
499 2956 679 3010 Gemeintsind
731 2962 826 3025 annelat,
838 2961 1004 3027 flagitiosus,
1020 2961 1236 3011 verbreeherisclr.

172 3026 216 3076 die·
225 3026 376 3093 Epikureer,
389 3027 429 3076 dic
441 3027 621 3092 hehaupteteu‚
634 3029 678 3078 das
733 3033 814 3079 taeter
826 3030 876 3078 und
889 3031 1027 3080 obscoenus
1043 3028 1237 3078 unterscheiden
1281 3074 1285 3078 .

172 3094 318 3144 Bediirlniss
339 3095 526 3158 gegenseitiger
541 3095 679 3158 Sicherung
723 3097 786 3145 'sich
802 3097 847 3145 wie
859 3097 1027 3146 uumoralisch
1038 3096 1089 3145 uud
1100 3096 1237 3145 unaust'dn-

172 3163 222 3212 und
234 3164 280 3213 der
291 3161 361 3212 llnlre
373 3163 437 3213 heim
450 3160 549 3212 Genuss
563 3163 625 3212 habe
638 3164 678 3212 die
732 3164 783 3226 dig.
795 3191 830 3200 -—
841 3164 888 3213 llio
901 3164 1009 3230 Beispiel
1024 3179 1070 3212 rou
1087 3163 1168 3213 ciuem
1184 3162 1237 3212 sol-

172 3225 678 3293 MenseheuzurStaatenlrildungbewo-
732 3233 793 3281 chen
812 3231 916 3282 Goutlict
933 3232 1058 3282 zwisclaen
1076 3233 1124 3282 den
1139 3231 1237 3281 Forde-

173 3313 230 3360 gen.
254 3298 280 3346 S.
293 3298 332 3347 die
350 3298 534 3361 Beschreibuug
549 3298 591 3346 bei
602 3297 676 3348 Lucr.
733 3315 828 3362 rungeu
842 3301 887 3349 der
897 3300 1117 3352 Vaterlsudsliebe
1130 3301 1181 3350 und
1192 3300 1236 3349 des

174 3363 294 3427 V,1107.
319 3365 453 3427 Aehnlich,
471 3366 562 3430 jedocla
580 3381 628 3415 von
641 3366 678 3415 ei·
733 3365 876 3418 Austondes
896 3369 961 3419 wird
984 3367 1030 3433 ill,
1049 3368 1095 3435 24,
1112 3367 1145 3419 93
1162 3382 1237 3431 ange·

105 3493 114 3499 g
173 3447 229 3482 uem
246 3432 358 3481 idealeru
377 3430 600 3498 Gesichtspunlrtc‚
622 3441 680 3497 sagt
732 3437 821 3500 geben.

173 3502 235 3550 euch
248 3499 321 3550 Plato
334 3499 420 3566 repll
429 3515 453 3564 p.
463 3499 538 3550 369ss
553 3504 585 3569 yt
620 3517 679 3552 εται
766 3503 934 3556 Posidonius:
945 3521 967 3554 s.
980 3505 1047 3554 lliul.

174 3570 268 3620 τοίνυν
280 3563 374 3630 πόλις,
390 3562 427 3625 ὡς
442 3565 562 3636 ἐγῷμαι,
594 3565 677 3636 πειδὴ
765 3572 874 3624 Etenim.
902 3571 953 3622 Cic.
970 3572 1065 3622 lrommt
1082 3571 1237 3621 schliesslich

173 3630 305 3719 τυγχάνει
324 3631 405 3718 ἡμῶν
422 3632 537 3692 ἕκαστος
560 3631 609 3687 οὐκ
628 3633 678 3687 αὐ·
732 3641 858 3691 nochmuls
871 3640 916 3690 auf
925 3641 972 3690 deu
991 3658 1023 3691 zu
1035 3639 1134 3703 Aulong
1145 3639 1238 3689 behan-

173 3721 276 3775 ταρκης
287 3699 355 3754 ἄλλα
369 3705 481 3755 πολλῶν
490 3700 593 3770 ἐνδεής.
732 3709 815 3758 delten
828 3709 1064 3774 Hauptgegenstand
1077 3708 1184 3772 surdelt,
1201 3707 1239 3756 iu-

173 3772 410 3892 stlitldlltt
423 3772 679 3907 tlll3¹tttl¹ilt¹¹
732 3777 890 3895 illoti?
901 3776 1239 3910 lttg'ldtltttllllllll

173 3906 679 4042 ssitetasaepsissent
733 3910 1239 4045 resecresistamns
