2772 4504
141 298 151 317 '
168 323 227 386 142
594 317 637 367 nn
655 314 792 367 urricus

46 488 102 553 “h

94 568 108 601 l

164 474 300 561 homines
327 482 463 536 externos
488 473 547 534 hoc
571 469 747 533 liberalitatis
773 486 878 550 genere
896 469 927 531 in
945 470 1020 532 urhe
1039 477 1142 534 nostra
1160 489 1224 534 non

165 554 274 642 egere*
287 561 341 622 Est
358 567 455 621 autem
474 558 561 619 eham
576 559 761 619 vehementer
775 555 843 617 utile
857 556 907 633 iis,
928 556 977 637 qui
991 557 1117 619 honeste
1131 577 1223 638 posse

164 638 295 723 millium
310 645 423 718 volunt,
444 663 496 724 per
515 643 648 724 hospites
664 643 741 721 apud
756 649 891 704 externos
906 643 1034 724 populos
1049 641 1223 731 valeyopi-

164 733 222 801 bus
237 740 265 795 et
280 732 378 812 gratia.
409 731 629 810 Theophrastus
645 729 763 810 quidem
778 728 876 790 scribit
891 729 1053 791 ‘Cimonem
1071 729 1220 808 [Athenis]

164 819 251 880 ctiam
271 819 300 880 in
322 836 393 879 suos
414 816 534 878 curiales
549 815 687 877 Laciadas
705 814 881 895 hospitalem
901 813 1005 876 luisse:
1026 816 1067 877 ita
1082 814 1222 902 enimin-

165 905 295 966 stituisse
311 911 340 965 et
354 902 443 965 vilicis
458 900 657 982 imperavisse,
673 909 706 963 ut
717 901 814 963 omnia
824 901 1035 982 praeberentur
1047 901 1223 982 quicumque

163 991 301 1053 Laciades
316 990 346 1051 in
361 989 455 1050 villam
472 1006 557 1049 suam
572 986 760 1053 devertisset)
793 978 801 993 '

107 1075 147 1136 19
251 1077 331 1150 Quae
345 1082 442 1137 autem
454 1074 551 1154 opera,
564 1091 626 1134 non
637 1072 788 1152 largitione
799 1072 938 1135 beneficia
949 1073 1063 1148 dantur,
1077 1072 1223 1135 hacetum
1246 1110 1250 1117 ,

96 1172 143 1221 ,65

2 1226 86 1327 du
101 1254 143 1401 ι)

164 1162 195 1222 in
213 1162 379 1224 universam
399 1157 628 1240 rempublicam
648 1166 710 1221 tum
730 1157 761 1219 in
781 1158 913 1238 singulos
929 1159 1007 1220 ciues
1022 1159 1220 1220 conseruntur.

165 1247 239 1308 Nam
259 1247 290 1308 in
305 1247 373 1331 iure
391 1265 505 1325 cavere,
526 1245 648 1308 consilio
668 1245 767 1306 iuvare
788 1254 874 1324 atque
891 1246 950 1309 hoc
965 1244 1101 1306 scientiae
1116 1261 1222 1324 genero

164 1333 307 1412 prodesse
322 1350 409 1413 quam
424 1323 559 1411 plurimis
573 1332 759 1393 vehementer
778 1339 806 1392 et
825 1330 861 1392 ad
882 1349 954 1411 opes
969 1329 1114 1409 augendas
1129 1330 1220 1410 pert'-

164 1426 214 1480 net
231 1427 260 1479 et
278 1418 314 1480 ad
333 1416 462 1497 gratiam.
506 1416 604 1497 ltaque
627 1436 693 1478 cum
717 1417 807 1478 multa
826 1416 971 1496 praeclara
993 1417 1140 1478 maiorum
1169 1434 1221 1476 um
1282 1464 1286 1469 .

144 1500 244 1583 'quod
261 1504 372 1583 optime
387 1502 537 1564 constituti
552 1502 624 1564 iuris
639 1502 728 1563 civilis
743 1521 861 1563 summo
877 1521 994 1582 semper
1004 1502 1034 1562 in
1045 1502 1159 1563 honore
1170 1501 1224 1563 luit

166 1589 293 1670 cognitio
315 1596 401 1668 atque
419 1587 632 1669 interpretatio:
655 1607 742 1668 quam
761 1588 878 1667 quidem
898 1596 965 1650 ante
979 1588 1055 1650 hanc
1070 1587 1222 1649 confusio·

164 1694 232 1738 nem
252 1683 419 1755 temporum
439 1674 469 1735 in
484 1674 675 1754 possessione
689 1693 743 1735 sua
757 1673 904 1755 principes
918 1673 1113 1748 retinuerunt,
1133 1691 1222 1747 nunc,

147 1769 198 1839 gut
211 1762 350 1834 honores,
366 1767 397 1822 ut
413 1777 516 1821 omnes
531 1759 677 1839 dignitatis
693 1760 808 1839 gradus,
824 1759 964 1821 siohuius
976 1759 1112 1822 scientiae
1123 1760 1223 1840 splen—

151 1847 220 1913 ,ἀοι
234 1847 343 1908 deletus
359 1853 416 1920 est,
432 1844 518 1925 idque
533 1864 567 1905 eo
583 1846 744 1925 indignius,
761 1845 840 1931 qupd
855 1865 895 1927 eo
902 1853 1039 1926 tempore
1053 1847 1112 1907 hoc
1127 1844 1222 1907 conti-

152 1932 218 2010 git,
239 1951 305 2031 cum
322 1932 346 1993 is
362 1938 452 2005 esset,
473 1924 640 2009 qui'orhnes
656 1930 822 2010 superiores
830 1924 965 2019 ‚Jquibus
979 1932 1094 1993 honore
1108 1950 1163 2011 par
1173 1950 1221 1992 es·

150 2050 153 2071 ¹
198 2085 355 2137 uehementer
366 2084 435 2145 acute
448 2083 496 2132 ui.
506 2083 579 2133 valdo
589 2083 665 2143 utile3
734 2100 740 2107 “
753 2086 812 2135 oreis
820 2050 1223 2154 baccochufuar‘cnomtomporom,

164 2152 189 2220 ξ.
203 2153 234 2203 73
247 2154 405 2204 uehementer
415 2151 583 2202 moderatum.
704 2153 743 2224 xd.
762 2153 778 2201 i.
797 2159 855 2202 aute
875 2153 962 2205 horum
979 2160 1119 2219 temporum
1137 2153 1196 2204 cons
1211 2180 1225 2192 ·

197 2222 307 2273 Athonis
334 2222 425 2285 gehdrt
448 2221 540 2284 gewiss
564 2236 595 2269 zu
619 2220 666 2269 don
720 2221 824 2271 sionem.

165 2292 266 2358 spatern
280 2289 420 2351 Znsiitzen,
437 2304 468 2338 an
482 2289 562 2338 denen
575 2304 666 2338 uasere
752 2291 879 2369 principes
898 2292 1068 2342 retinuerunt.
1096 2288 1180 2340 Sowie
1197 2290 1223 2338 in

163 2357 371 2421 Uehcrlieierung
382 2358 427 2407 der
435 2357 532 2406 Biicher
542 2356 573 2406 dc
586 2356 627 2406 oli.
638 2371 666 2406 so
720 2356 832 2408 srirhster
841 2356 899 2407 Zeit
908 2358 947 2408 die
956 2357 1180 2408 liechtslenntniss
1189 2357 1222 2406 im

164 2428 202 2478 oft
222 2427 306 2477 leidet.
332 2425 402 2476 Danu
423 2441 450 2474 es
471 2426 515 2475 mit
532 2424 617 2474 Cimon
635 2440 667 2474 zu
719 2425 1222 2489 alloinigenBesitzderPatriciergcwe-

134 2506 138 2513 ’
163 2495 307 2559 vcrhinden‚
320 2493 405 2545 Cimon
417 2509 462 2544 aus
471 2493 561 2557 Athen,
573 2493 667 2544 wider·
720 2510 765 2544 sen
781 2509 849 2557 war,
866 2509 895 2543 so
907 2495 1053 2544 zeichneten
1070 2493 1123 2544 sich
1137 2494 1224 2560 spiiter

164 2565 258 2630 sprioht
267 2564 317 2614 Cic.
328 2562 556 2629 Spmchgehranch.
577 2562 613 2611 Es
622 2576 666 2626 ge·
719 2563 759 2613 die
771 2562 930 2614 Vernehmcn
942 2563 1013 2613 dorin
1024 2578 1079 2613 aus.
1103 2561 1172 2612 Abeo
1183 2562 1223 2611 die

163 2635 222 2683 hiirt
245 2648 300 2682 zum
324 2631 446 2693 Verbum,
470 2629 590 2680 heleuter
612 2629 665 2679 also
721 2630 825 2681 Wimon
839 2648 871 2680 zu
883 2631 953 2681 Eudo
966 2631 1012 2681 der
1023 2630 1145 2697 Republik
1156 2633 1225 2681 stb'r-

163 2701 257 2766 ,Cimon
270 2715 321 2750 wau
332 2716 364 2749 zu
376 2699 457 2749 Athen
468 2697 589 2762 gestirei‘,
607 2698 668 2747 aher
718 2707 762 2749 ten
785 2699 824 2749 die
845 2698 1032 2765 Rechtsptlege,
1052 2700 1133 2749 hidem
1149 2699 1225 2763 jeder

164 2771 208 2820 das
220 2768 336 2831 folgende
351 2771 389 2817 ita
402 2767 481 2816 citime
494 2769 667 2835 tmpcrmdsse,
717 2767 943 2832 Criminulprocess
955 2768 993 2817 als
1006 2766 1223 2831 politischerPar-
1292 2812 1304 2825 ,

164 2838 232 2901 zeigt
244 2831 362 2886 dass'von
376 2836 421 2884 der
432 2833 668 2885 Gastlreundschalt
720 2834 843 2900 teikampi'
861 2834 995 2884 behandclt
1017 2835 1111 2883 werde.
1152 2834 1223 2884 Danu

163 2904 209 2955 aul
218 2905 303 2954 seinen
316 2903 475 2966 Landgiitern
491 2903 531 2952 die
543 2901 610 2952 Reda
623 2904 665 2953 ist.
721 2904 792 2954 nahm
810 2902 903 2952 Caesar
920 2902 972 2951 sich
995 2902 1040 2951 dus
1055 2900 1136 2951 Recht
1153 2902 1224 2951 einer

164 2972 324 3026 Gewdhnlich
346 2971 444 3022 echliirt
461 2986 527 3021 man:
548 2985 620 3021 wcnn
638 2986 668 3021 ec
720 2970 880 3034 endgiiltigen
901 2968 1088 3034 Entschcidung
1111 2970 1135 3019 in
1156 2969 1224 3020 allen

164 3059 196 3093 zu
208 3041 289 3093 Athen
301 3056 363 3106 war,
377 3041 444 3091 nicht
455 3039 501 3090 aul
509 3040 579 3089 einer
591 3039 666 3089 Villa.
720 3039 860 3090 Procosscn
876 3039 926 3089 und
943 3053 1019 3103 sogor
1030 3038 1075 3088 das
1087 3036 1168 3088 llccht
1184 3038 1225 3088 die

164 3107 668 3175 Ahgeschen,dassdchcdaohcunhlar
720 3107 937 3172 Entscheidungen
958 3108 1004 3157 doc
1021 3106 1224 3157 Geschworncn·
1258 3111 1264 3117 '

163 3179 332 3242 ausgcdriiekt
342 3179 419 3241 ware,
436 3178 485 3227 wie
497 3176 570 3228 kiime
582 3175 667 3226 Cimon
720 3177 877 3241 gerichteau
889 3177 1009 3226 cassinen.
1030 3176 1100 3226 Auch
1112 3176 1137 3225 in
1149 3174 1225 3224 onde-

164 3249 241 3310 dozu‚
266 3263 314 3297 nur
336 3247 360 3296 in
384 3247 470 3296 seiher
489 3245 668 3295 Ahwesenheit
721 3261 764 3296 ror
780 3245 923 3309 lieziebung
937 3244 1004 3294 hlieh
1019 3244 1066 3294 dor
1080 3243 1226 3306 Untergeug

164 3313 668 3435 utitit‘ttbtbdbtltttltt‘
721 3310 1225 3445 tt}ilttltlttlubtlltltl

164 3454 221 3505 hen⁴
579 3444 581 3455 '
721 3467 745 3517 p.·
758 3448 827 3513 458).
852 3450 950 3501 Damni
963 3450 1084 3500 beziehon
1101 3449 1153 3499 sich
1169 3448 1224 3498 also

198 3521 331 3573 Laciadas.
357 3520 409 3571 lter
424 3519 516 3570 Demos
533 3519 611 3584 legin
624 3519 669 3568 der
722 3518 774 3569 Cic.
786 3515 893 3582 lilagen.

164 3590 243 3658 Phyle
253 3590 355 3642 (iendis.
367 3589 415 3640 Mit
423 3586 531 3640 curialis
537 3587 670 3638 iiborsctzt
757 3603 815 3639 com
834 3591 858 3637 ic
876 3591 955 3638 esset:
975 3585 1085 3651 gomeint
1101 3586 1134 3637 ist
1151 3585 1224 3636 Serv.

165 3660 216 3710 Cic.
234 3655 363 3727 δημότης.
720 3655 847 3722 Sulpicius
856 3654 945 3719 Rufus,
957 3656 1003 3705 der
1011 3653 1104 3705 Consul
1113 3648 1162 3703 703
1173 3653 1224 3717 (51)

200 3716 252 3777 19.
270 3726 311 3777 65.
329 3743 418 3779 cauere
429 3728 458 3776 ιἰι
468 3729 533 3801 iura,
550 3723 613 3774 Ruth
626 3740 667 3774 er·
722 3740 778 3775 war
795 3725 846 3775 und
862 3723 906 3774 aui
919 3724 990 3774 einer
1006 3721 1081 3773 Reisc
1098 3738 1130 3772 zu
1146 3722 1225 3773 Anto·

165 3797 258 3847 theilon
275 3794 317 3845 tur
331 3796 403 3846 einen
415 3795 532 3857 Process,
545 3794 603 3843 dass
615 3794 669 3842 dic·
722 3794 779 3844 nius
802 3794 864 3843 nach
884 3791 980 3843 Mutina
1001 3791 1048 3841 711
1073 3790 1124 3855 (43)
1146 3789 1224 3841 sturb.

166 3880 209 3914 ser
237 3863 305 3913 nicht
329 3863 406 3913 durch
430 3862 599 3913 Unkenntniss
623 3861 668 3911 des
723 3861 772 3911 Cic.
786 3861 986 3912 hezcichnctihn
999 3858 1083 3924 hiiuhg
1091 3860 1129 3909 als
1140 3859 1225 3910 scinco

165 3930 258 3981 Rechts
273 3931 392 3981 verloren
409 3931 482 3992 geht3
507 3928 557 3991 vgl.
575 3929 605 3978 de
617 3928 667 3992 leg.
721 3928 824 3979 Freund
835 3930 886 3979 und
897 3928 1011 3993 zugleich
1024 3927 1062 3978 als
1077 3922 1126 3978 deri
1138 3930 1226 3991 griss-

147 3995 184 4059 <l,
198 3997 222 4059 5,
236 3997 275 4048 17·
721 4003 764 4046 teu
793 3996 1016 4061 liechtsgelehrten
1046 3997 1131 4046 seiner
1159 3995 1225 4046 Zeit.
