2776 4502
517 348 577 401 LIB.
587 348 607 400 Ι.
634 348 704 400 GAP.
718 349 759 400 26.
772 349 814 401 21.
1155 354 1192 414 61

134 503 253 584 losopbi
262 502 561 583 longequeprincipes
574 510 602 563 et
612 502 731 582 quidam
742 503 878 564 homines
891 503 984 565 severi
993 513 1129 584 etgraves
1141 523 1197 566 neo
1248 510 1259 530 ‘

135 589 237 668 populi
248 607 302 650 nec
313 588 481 670 principum
491 606 592 648 mores
601 589 677 648 ferre
686 595 846 666 potuerunt
855 587 1046 669 vixeruntque
1054 607 1116 650 non
1125 591 1197 652 nulli
1274 638 1278 642 .

94 672 101 678 ’
135 674 166 734 iu
178 674 254 752 agris
268 673 399 736 delectati
414 692 445 733 re
461 691 514 733 sua
526 671 666 733 familiari.
697 672 749 733 His
760 672 836 733 idem
851 674 1040 753 propositum
1050 675 1105 736 fuit
1114 676 1195 754 quod
1217 683 1249 734 70

70 808 97 828 ,.
134 759 263 838 regibus,
268 766 359 853 princ
370 777 427 837 qua
438 777 470 818 re
481 763 608 835 egerent,
623 776 660 821 ne
672 757 722 819 cui-
729 764 874 837 parerent,
889 759 1196 821 libertateuterentur:
1242 806 1247 816 .

138 844 222 904 cuius
236 842 393 935 proprium
409 850 454 903 est
468 841 511 903 sic
525 842 631 916 vivere,
650 848 683 904 ut
702 842 785 903 velis.
816 845 881 916 Qua
899 862 931 904 re
952 864 1019 905 cum
1038 845 1097 906 hoc
1111 843 1254 927 comffl

136 946 226 989 mune
242 928 280 988 sit
294 927 441 1007 potentiae
456 926 714 1013 cupidorumcum
729 927 779 1001 iis,
794 946 870 1007 quos
886 928 958 1002 dixi,
980 930 1096 1003 otiosis,
1115 920 1198 991 alfini

137 1032 169 1073 se
184 1011 305 1092 adipisci
324 1013 354 1073 id
369 1031 459 1091 posse
474 1008 664 1086 arbitrantur,
686 1013 711 1073 si
727 1030 799 1093 opes
814 1031 937 1091 magnas
951 1014 1089 1089 habeant,
1109 1015 1198 1087 alteri,

137 1096 169 1158 si'
179 1098 308 1159 contenti
324 1098 383 1159 sint
397 1105 425 1158 et
440 1116 494 1158 suo
510 1105 538 1158 et
552 1116 652 1176 parvo.
678 1098 712 1157 ln
727 1117 786 1177 quo
801 1107 974 1161 neutrorum
986 1099 1108 1160 omnino
1125 1100 1198 1160 oon·

135 1182 291 1251 temnenda
310 1183 453 1244 sententia
473 1190 532 1255 est,
558 1184 611 1244 sed
630 1179 660 1244 et
678 1183 791 1244 facilior
805 1191 840 1243 et
856 1184 948 1245 tutior
968 1192 997 1245 et
1015 1185 1115 1246 minus
1134 1184 1197 1245 aliis

136 1267 230 1347 gravis
245 1275 296 1328 aut
309 1268 434 1329 molesta
450 1268 506 1329 vita
527 1277 573 1329 est
589 1268 769 1342 otiosorum,
791 1269 971 1330 fructuosior
985 1277 1083 1330 autem
1097 1270 1196 1330 homi-

136 1371 207 1413 num
220 1352 320 1434 generi
334 1360 363 1413 et
373 1353 408 1414 ad
419 1353 576 1414 claritatem
587 1353 865 1432 amplitudinemque
875 1354 970 1432 aptior
978 1371 1090 1426 eorum,
1106 1354 1198 1433 quise

53 1472 57 1481 ·
136 1436 250 1499 adrem
266 1437 410 1516 publicam
427 1446 454 1498 et
475 1439 511 1498 ad
527 1457 648 1517 magnas
664 1457 712 1499 res
732 1439 875 1516 gerendas
895 1439 1197 1500 accommodaverunt.
1217 1479 1220 1485 -

136 1523 325 1600 Quapropter
344 1529 372 1581 et
390 1521 426 1581 iis
446 1524 570 1583 forsitan
591 1524 810 1584 concedendum
832 1522 870 1584 sit
888 1542 951 1584 rem
970 1524 1117 1603 publicam
1136 1542 1198 1587 nou
1219 1532 1249 1581 tl

137 1605 373 1701 caljffissflfihuss
396 1606 446 1685 qui
461 1607 608 1667 excellenti
628 1608 745 1686 ingenio
765 1588 913 1669 doctffiae
934 1627 998 1669 sese
1015 1608 1196 1680 dediderunt,

136 1699 166 1751 et
179 1709 230 1762 us,
252 1691 302 1770 qui
317 1699 367 1750 aut
381 1691 555 1752 valetudinis
576 1690 768 1753 imbecillitate
789 1700 838 1753 aut
854 1693 946 1772 aliqua
963 1693 1094 1771 grauiore
1110 1711 1197 1754 causa

135 1776 269 1854 impediti
284 1795 302 1836 a
315 1795 347 1836 re
361 1775 478 1856 publiea
492 1784 692 1850 recesserunt,
714 1796 781 1838 cum
798 1778 860 1837 eius
877 1777 1123 1839 administrandae
1139 1797 1196 1856 po-

134 1865 268 1921 testatem
288 1860 349 1921 aliis
369 1862 542 1941 laudemque
557 1862 761 1922 concederent.
793 1862 905 1935 Quibus
926 1870 1021 1923 autem
1041 1862 1105 1922 talis
1120 1862 1197 1923 nulla

123 1946 175 2006 ‘sit
190 1946 290 2018 causa,
306 1945 332 2006 si
347 1946 498 2025 despicere
512 1966 545 2006 se
561 1946 658 2007 dicant
673 1965 719 2020 ea,
734 1965 807 2026 quae
822 1947 952 2027 plerique
967 1946 1124 2020 mirentur,
1140 1947 1198 2007 im-

135 2030 215 2110 peria
230 2038 258 2091 et
272 2030 474 2110 magistratus,
494 2031 529 2092 iis
544 2050 607 2092 non
622 2032 717 2092 modo
728 2050 790 2092 non
804 2031 896 2104 laudi,
911 2050 1012 2092 verum
1028 2030 1113 2093 etiam
1129 2031 1198 2092 vitio

135 2116 265 2176 dandum
276 2123 357 2193 puto.
378 2116 513 2188 Quorum
529 2115 669 2177 iudicium
680 2118 712 2177 in
723 2136 769 2188 eo,
781 2118 861 2195 quod
873 2114 995 2195 gloriam
1009 2124 1199 2178 contemnant

135 2206 164 2260 et
178 2219 234 2278 pro
250 2199 342 2260 nihilo
358 2208 474 2278 putent,
487 2200 604 2262 difficile
618 2202 756 2285 factqaeest
766 2219 828 2263 non
842 2202 978 2281 probare,
995 2203 1047 2262 sed
1062 2202 1197 2263 videntur

135 2284 251 2346 labores
263 2292 292 2345 et
303 2285 463 2359 molestias,
478 2294 542 2347 tum
555 2272 752 2348 olle1ibibnum
764 2295 792 2347 et
802 2287 987 2366 repulsarum
999 2287 1082 2365 quasi
1095 2305 1198 2366 quam-

110 2492 115 2501 *
134 2434 173 2495 ΙΙΙ,
189 2436 228 2498 15,
239 2434 272 2485 56
282 2434 370 2487 eadem
378 2441 466 2487 auten
475 2436 641 2503 altiprudcn-
696 2434 809 2500 Ιιτικόν,
821 2434 870 2491 τὸν
883 2432 1113 2506 ἐπιστημονικόν.

136 2504 172 2553 fia
188 2503 235 2553 aed
249 2504 353 2553 concilio
370 2504 404 2554 ad
414 2507 479 2555 sitae
490 2504 578 2554 amaia
589 2505 642 2555 die·
728 2507 846 2556 libertate
860 2509 1003 2569 uterentur,
1018 2520 1063 2561 aus
1076 2507 1132 2554 dem
1143 2519 1202 2554 vor-

134 2573 195 2639 pari
209 2572 319 2635 quietem
334 2575 410 2636 atque
419 2574 501 2623 obem
512 2573 602 2636 secuti,
612 2575 644 2623 aet
696 2574 870 2637 bergehenden
881 2590 913 2622 ne
925 2573 959 2622 ist
970 2576 1002 2623 et
1012 2589 1044 2622 aa
1056 2573 1190 2636 erg'dnzen.

135 2637 642 2704 Pydageasfflmoertaemaoago-
730 2632 780 2693 21.
800 2640 841 2690 ΙΙ.
859 2641 1041 2708 rempublicam
1052 2655 1200 2758 coacceper-

135 2722 182 2759 rae
199 2721 216 2755 a
233 2705 353 2771 regendis
368 2708 514 2758 deitatibus
532 2711 599 2757 totos
614 2724 643 2757 se
695 2711 819 2761 coabbate.
843 2709 979 2760 concedere
1002 2711 1036 2760 ist
1055 2711 1142 2759 verzei
1160 2725 1200 2773 en,
1218 2722 1272 2758 w*

135 2775 641 2840 adcogaiboncmrerumtranctelcraat.
695 2776 874 2845 pallescdm.
891 2777 912 2842 1,
925 2776 940 2826 3
953 2782 1098 2830 ceterorum
1107 2782 1201 2828 emere

169 2842 284 2891 homines
305 2844 390 2894 saraed
410 2847 436 2894 et
448 2858 556 2908 greces,
578 2858 601 2892 z.
612 2843 639 2893 B.
694 2846 762 2897 dieto
781 2844 885 2904 concedi
900 2849 993 2911 potest.
1030 2846 1080 2896 lias
1102 2844 1201 2910 object,

135 2909 244 2960 Atticus.
260 2907 325 2976 Nep.
342 2911 420 2961 Attio.
437 2926 458 2960 c.
472 2909 495 2960 6.
525 2909 559 2960 Μ.
572 2910 640 2961 Piso.
694 2929 748 2963 was
769 2912 903 2963 verzicben
926 2914 1002 2976 wird,
1024 2914 1088 2977 liegt
1103 2914 1127 2963 in
1145 2915 1222 3023 demq

134 2976 398 3039 disenteriae
419 2978 531 3029 laborem
543 2979 642 3045 soraa·
676 3038 677 3042 Ἰ
694 2981 818 3046 Particip3
830 2979 943 3043 Tuaell,
954 2982 977 3045 Ι,
990 2981 1020 3031 19
1028 2980 1132 3050 adspice
1140 2981 1218 3037 Pu.
1242 2988 1263 3031 >t

135 3061 190 3126 rma
199 3059 251 3127 uon
259 3045 430 3127 diebastqlit,
440 3046 641 3112 qaodbomc'aum
694 3036 1079 3100 loctelomlffffloncedcadam
1099 3053 1141 3103 eat
1152 3065 1201 3114 ge·
1212 3042 1219 3111 Ξ

134 3114 643 3248 babbbbisabbrbbfhbbbbssbebeabbbbbbmn:
694 3121 966 3235 mbabomeaomacao
971 3183 1097 3235 cicadam:
1107 3198 1127 3233 s.
1135 3183 1200 3233 lliol.

135 3249 242 3314 diesque
252 3253 397 3316 respuebat.
731 3257 786 3303 tum
797 3252 896 3302 entb'dlt
907 3252 963 3302 eine
975 3251 1133 3316 Steigeruug‚
1145 3266 1202 3316 mag

170 3332 221 3366 noa
232 3315 307 3381 nuta,
324 3333 381 3367 zum
398 3316 482 3367 Tbeil:
500 3333 528 3368 ee
541 3317 641 3385 bezielrt
695 3336 753 3371 cum
764 3323 937 3383 verausgeben
956 3321 1109 3383 odorniolrt3
1132 3317 1201 3386 519

136 3385 189 3435 sicli
210 3382 257 3431 auf
274 3383 313 3432 die
333 3385 554 3447 vorhergelonden
576 3385 641 3435 Sub·
696 3393 751 3439 tum
759 3391 868 3454 agitatio
877 3393 978 3440 ruenda.
1001 3387 1024 3454 5,
1042 3387 1202 3455 litaeque-

133 3452 203 3517 jectc
211 3450 640 3519 pbdcacpladundltmufneszuriick.
696 3456 780 3507 bilitas
791 3458 928 3508 universae
946 3459 1013 3507 edice
1033 3460 1089 3506 tum
1109 3458 1200 3521 cingo

154 3520 212 3570 ·Ἰθ.
232 3518 302 3584 qued
313 3521 426 3585 regibus.
450 3518 643 3571 Zudiesc1·be-
695 3524 779 3575 lacum
790 3527 927 3576 actionarii.

137 3588 297 3639 fremdeuden
307 3586 469 3651 Erwiihuuog
480 3589 526 3638 der
534 3584 640 3651 lidnige,
729 3595 902 3658 efferationem
912 3590 1200 3661 etrepotsoemotao

136 3655 224 3707 eufdie
234 3656 334 3715 erdocli
344 3655 497 3707 senstkcine
507 3654 643 3706 Riiclisiclrt
695 3658 840 3726 Metaplicro
857 3661 913 3710 sind
929 3677 978 3709 von
995 3661 1040 3710 der
1057 3657 1202 3709 Sebilffalrrt
1281 3703 1290 3716 ,

138 3724 235 3787 nimmt,
259 3724 293 3773 ist
309 3722 397 3774 Cicero
415 3725 465 3774 wol
487 3724 564 3775 durch
587 3724 641 3774 scin
694 3742 848 3791 genommeu.
871 3727 1200 3793 offawiobedcutcttbeils

137 3791 582 3856 griechiscbesoriginalveraulasst.
594 3791 641 3841 Die
695 3795 812 3857 Austoss,
833 3794 1020 3846 Unbcliebtbeit
1038 3796 1103 3845 belm
1123 3794 1200 3857 Volk,

138 3858 241 3909 Stoiker
255 3861 446 3910 untersclieiden
464 3859 571 3910 n'dmlioh
588 3857 641 3908 drei
695 3862 771 3914 Tuae.
786 3862 815 3926 V,
828 3861 929 3926 36,103
942 3862 1200 3931 offeraeicpopulara'a.

137 3926 345 3989 Lebeneweiscn3
369 3927 440 3978 Stob.
459 3945 483 3995 p.
501 3927 551 3977 224
569 3930 642 3996 τρεῖς
695 3946 740 3996 pro
754 3930 771 3981 l.
784 3930 852 3981 Man.
864 3930 889 3993 9,
899 3929 932 3980 26
944 3930 1200 4000 bicinipecilloma-

138 3991 209 4047 elaea
222 3990 358 4061 ῥίουςτὸν
365 3991 519 4063 βασιλικόν,
530 3990 579 4047 τὸν
588 4011 641 4045 πο·
695 3999 719 4051 lo
740 4000 947 4066 gratissimoque
969 3999 1027 4051 bella*
1048 4000 1199 4064 offensione,
