2772 4504
190 317 249 376 144
365 332 370 335 ,
616 311 815 365 odorricus

187 467 265 541 irent,
276 475 325 528 eut
335 484 398 541 eos,
411 482 487 545 quos
497 483 560 528 non
572 467 701 546 expedit:
717 467 743 528 si
753 464 965 545 imprudentes,
978 463 1177 544 neglegentiae
1188 474 1242 541 est,

186 553 212 614 si
224 553 358 626 seientes,
373 552 551 614 temeritatis.
581 553 727 615 Utendum
743 552 830 614 etiem
845 559 890 612 est
904 549 1091 613 excusatione
1104 550 1243 613 adversus

186 658 252 714 eos,
273 657 349 718 quos
364 637 470 699 invitus
486 639 631 713 offendes,
650 656 834 718 quarumque
849 636 962 717 possis,
983 655 1040 717 que
1055 635 1144 711 reid,
1163 639 1242 717 quod

108 730 136 810 ’ξ
185 724 305 798 seueris,
319 741 439 785 neeesse
454 724 541 785 luerit
555 742 611 785 neo
624 726 706 786 aliter
721 726 815 786 facere
829 720 974 802 potueris,
994 721 1156 802 ceterisque
1171 741 1243 804 ope-

184 808 226 870 ris
241 818 269 871 et
284 809 387 871 officiis
403 809 457 870 erit
471 810 509 883 id,
525 810 604 890 quod
619 810 757 872 violatum
772 817 826 882 est,
843 809 1106 887 compensandum.

125 898 167 957 20
270 895 328 956 Sed
354 913 421 956 eum
446 894 477 955 in
500 894 672 964 homiuibus
697 893 829 957 iuvandis
850 901 901 956 eut
923 912 1023 956 mores
1044 894 1169 974 spectari
1194 903 1243 956 eut

3 1062 24 1079 fl
133 991 165 1041 69
186 983 302 1078 fortuna
318 980 416 1076 solent,
430 979 646 1079 Qquidem
661 989 707 1043 est
720 981 848 1076 proclive
862 980 959 1059 itaque
973 980 1058 1060 vulgo
1073 980 1243 1078 quuuntuu

12 1088 139 1167 qu‘
186 1086 218 1127 se
232 1083 263 1126 ru
277 1066 424 1163 beneficus
437 1066 613 1128 collocandis
625 1086 724 1164 mores
735 1067 900 1141 hommum,
914 1083 982 1163 non.
988 1066 1137 1162 fortunam
1149 1085 1241 1162 sequi

1 1196 38 1290 u
54 1198 126 1275 se
184 1146 893 1319 ldddll„tldtltdddlltd
906 1158 1244 1317 ttddtldllsst

22 1312 94 1393 'tt-lie
106 1307 163 1395 Qu}
186 1320 337 1400 potentis?
371 1323 395 1382 A
420 1342 477 1401 quo
498 1323 577 1383 enim
597 1323 757 1403 expeditior
777 1331 806 1384 et
825 1322 947 1384 celedon
964 1322 1160 1384 remuneratio
1180 1323 1243 1382 fore

184 1407 312 1480 videtur,
334 1406 366 1468 in
385 1426 451 1468 eum
472 1409 531 1469 sere
551 1417 596 1468 est
617 1410 749 1471 voluntas
772 1416 873 1470 nostre
888 1407 1076 1488 propensior.
1107 1407 1162 1468 Sed
1178 1407 1243 1469 oni-

184 1493 422 1553 medvertendum
442 1501 488 1553 est
507 1493 672 1570 diligentius
693 1514 766 1573 quae
785 1501 887 1556 nature
907 1493 1067 1554 resumsit.
1094 1492 1243 1554 'Nimirum

184 1577 264 1638 enim
285 1576 371 1657 inops
390 1577 451 1650 ille,
472 1577 497 1638 si
516 1578 614 1639 honus
633 1589 677 1642 est
696 1580 753 1652 vir,
775 1579 861 1641 etiem
882 1579 908 1639 si
924 1581 1029 1640 referre
1045 1579 1167 1657 gretiam
1181 1595 1243 1638 non

185 1670 296 1742 potest,
314 1661 422 1724 hebere
442 1670 519 1724 certe
537 1672 644 1743 potest.
679 1665 841 1743 Commode
860 1671 956 1725 eutem
977 1663 1154 1744 quicumque
1174 1663 1244 1724 dixit

184 1749 346 1827 ‘pecuniam
362 1748 411 1827 qui
426 1748 530 1809 haheat
543 1767 605 1810 non
618 1750 791 1823 reddidisse,
806 1749 857 1830 qui
871 1749 1030 1810 reddiderit
1043 1767 1106 1810 uon
1121 1749 1242 1811 hebere:

184 1833 306 1912 gratiam
327 1841 424 1895 eutem
443 1840 471 1894 et
492 1833 542 1913 qui
562 1834 701 1897 rettulerit
720 1836 828 1897 hahere
848 1842 876 1895 et
897 1834 946 1916 qui
961 1834 1065 1896 habeut
1079 1834 1242 1896 rettulisse?

184 1918 229 1992 Ar,
245 1918 294 1997 qui
310 1936 342 1978 se
355 1918 526 1997 locupletes,
538 1919 710 1994 honoratos,
725 1921 826 1983 beatos
839 1926 951 1999 putent,
966 1920 1034 1981 iine
1046 1919 1166 1999 obligari
1178 1921 1243 1998 qui-

184 2004 250 2064 dem
264 2003 405 2065 beneficio
417 2003 531 2065 volunt:
549 2005 619 2084 quin
635 2007 722 2068 etium
737 2006 911 2069 heneficium
927 2024 959 2066 se
973 2005 1088 2067 dedisse
1100 2005 1243 2067 arbitren-

183 2098 245 2162 tur,
266 2107 333 2150 eum
355 2088 413 2168 ipsi
432 2088 563 2168 ‹quentvis
583 2110 723 2170 maguum
738 2092 854 2170 aliquod
867 2090 1042 2171 acceperint,
1059 2098 1146 2171 etque
1157 2091 1242 2155 mem

73 2216 77 2227 ·
185 2193 201 2235 a
221 2192 253 2234 se
271 2181 321 2234 out
335 2174 478 2252 postulari
499 2181 547 2238 nul
567 2177 712 2255 expectari
731 2177 837 2256 aliquid
858 2177 1057 2255 suspieentur,
1078 2175 1242 2256 pratrocinio

132 2271 163 2319 70
185 2279 253 2321 vero
270 2278 390 2343 seusps
406 2266 454 2322 out
471 2259 587 2322 clientes
603 2263 742 2347 appellari
756 2262 860 2324 mortis
877 2262 969 2345 ipstar
983 2269 1094 2342 putent.
1121 2263 1157 2322 At
1172 2280 1242 2322 vero

75 2354 78 2357 '
184 2345 229 2405 ille
244 2342 352 2417 tenuis]
366 2364 443 2419 eum,
454 2346 594 2425 quidquid
610 2342 717 2408 sertum
729 2349 775 2422 sit,
791 2367 822 2409 se
835 2343 1006 2427 spectatum,
1021 2365 1083 2407 non
1095 2348 1243 2408 fortunam

184 2439 281 2509 putat,
300 2447 363 2491 non
382 2431 472 2491 modo
491 2430 542 2505 illi,
561 2432 613 2511 qui
632 2441 677 2494 est
691 2434 828 2507 meritus,
850 2432 1002 2494 sedetiam
1017 2431 1084 2505 illis,
1104 2429 1242 2511 aquibus

30 2508 196 2603 ‘idm
210 2521 287 2605 §w

219 2616 269 2696 68.ι
279 2617 313 2680 td,
326 2616 394 2698 quod
404 2618 525 2668 uiolatum
538 2622 583 2683 ert,
596 2620 620 2670 d.
633 2620 650 2669 i.
663 2619 686 2668 in
743 2621 784 2669 det
794 2621 820 2669 io
833 2634 861 2669 eo
874 2622 938 2737 q'pro,
950 2618 1018 2685 quod
1028 2619 1111 2686 dubet,
1123 2620 1215 2683 refert.

185 2700 232 2750 quo
245 2685 332 2735 vrolutr
345 2693 416 2747 sunt;
430 2703 452 2736 z.
464 2686 493 2736 lll
503 2685 558 2752 §.3.
568 2686 584 2751 l,
598 2687 635 2752 10,
646 2685 686 2736 32.
777 2689 865 2738 deutur
887 2694 941 2737 esst
953 2687 1062 2754 locuples
1075 2687 1123 2737 und
1135 2688 1244 2736 dmeora-

184 2753 215 2801 ed
232 2751 288 2803 ium.
302 2753 333 2816 V,
352 2752 375 2816 8,
393 2752 407 2801 3
425 2757 450 2803 si
465 2770 531 2820 quae
542 2755 689 2806 edederunt
742 2760 784 2806 tus
796 2756 820 2804 in
834 2756 894 2815 sloh,
908 2771 935 2805 es
945 2754 1064 2805 bedente-t
1074 2755 1128 2819 ,mit
1137 2753 1245 2805 Gliiels-

183 2835 234 2869 non
246 2826 299 2870 turn
310 2836 340 2871 re
350 2837 428 2886 quam
437 2825 579 2891 suspicione
588 2824 687 2889 modula,
706 2836 708 2839 ’
740 2824 830 2886 giitern
843 2824 985 2886 gesegnet‘.

184 2903 215 2937 ea
225 2893 278 2939 ried
288 2889 376 2940 eeotee
385 2906 420 2940 ere
433 2893 504 2941 omni
512 2894 639 2943 pomoeria
650 2895 687 2942 ei·
773 2890 907 2958 postulari.
926 2889 951 2940 lu
962 2890 1017 2939 dem
1027 2889 1159 2957 Geseheuk
1168 2890 1247 2939 selren

185 2960 390 3078 ῑιιψζὲιὸηιέξίνα.Ι
499 3026 505 3039 .
538 3044 544 3055 ι
742 2956 1247 3037 siesehondiedorderunguuiVerqel·
1340 3037 1344 3042 ὓ

262 3057 271 3076 .
323 3063 329 3076 .
362 3043 411 3091 ere,
425 3034 544 3088 zumerst,
563 3027 687 3091 deonil,
741 3034 801 3089 tung
822 3027 986 3091 ungedeutet,
1007 3027 1069 3077 euch
1088 3042 1162 3076 weun
1177 3027 1246 3076 drese

185 3094 225 3162 33,
240 3094 287 3144 142
307 3097 332 3145 ι’
349 3111 378 3146 eo
398 3098 466 3145 eodm
485 3098 514 3146 io
536 3095 640 3146 Catonis
663 3100 689 3146 et
741 3094 1247 3160 niehtgleieheusgesprooheuwird,du-

183 3164 262 3215 Brotr'
276 3163 348 3214 libris
359 3165 580 3230 nominetimsere
591 3167 690 3230 epm
742 3165 788 3214 her
796 3162 830 3214 ist
839 3162 1003 3214 derlufinitiv
1012 3163 1057 3213 des
1066 3163 1192 3214 Praesens
1200 3177 1245 3225 ge-

185 3231 246 3297 qoe‘d
260 3231 339 3281 altem
353 3231 452 3282 deiero
463 3235 517 3282 niro
530 3233 690 3284 antenodori
742 3239 817 3283 setzt.

184 3298 370 3367 responderint.
384 3299 689 3352 Ebensoinderlledeus·
775 3315 849 3351 oeno:
874 3301 913 3351 die
938 3307 1007 3350 erste
1032 3299 1183 3364 Steigerunq
1202 3314 1245 3362 ge·

183 3373 225 3418 ert
234 3371 265 3417 ot
272 3368 332 3430 fere
336 3367 387 3433 fit,·
403 3366 689 3436 l,18,dl,omratusere
742 3369 840 3419 sehielrt
855 3369 900 3419 mit
915 3370 976 3434 quio
993 3372 1081 3432 etiarn,
1103 3368 1143 3418 die
1155 3368 1246 3418 zweite

183 3434 298 3486 suillium.
742 3437 787 3487 mit
796 3441 872 3503 atque
881 3440 966 3503 etium,
978 3437 1017 3486 die
1031 3438 1108 3487 dritte
1120 3437 1164 3489 ruit
1172 3451 1232 3487 uero
1238 3455 1246 3496 ,-

215 3506 349 3572 pernotum
361 3505 405 3570 qui
416 3504 515 3554 debent.
539 3504 590 3555 Dus
604 3503 689 3555 Gnnze
743 3520 763 3555 s.
777 3503 889 3571 Seyffert
901 3505 977 3556 schol.
991 3506 1035 3556 lut.
1048 3521 1071 3571 p.
1084 3503 1126 3554 27.
1245 3554 1248 3559 ⁴

184 3573 275 3624 beruht
291 3572 336 3623 nul
347 3572 402 3622 dem
414 3571 556 3639 Wortspiel
569 3574 689 3638 mugra·
775 3576 951 3642 patrocinium
971 3574 1006 3624 ist
1027 3574 1081 3624 lrier
1102 3573 1170 3624 nicht
1191 3573 1247 3623 lolos

185 3644 248 3691 uem
263 3642 365 3705 labere,
387 3642 435 3691 deu
451 3640 523 3691 Duuk
542 3643 575 3692 im
590 3641 688 3692 Herzen
743 3643 788 3691 der
805 3641 921 3692 Beistund
940 3657 986 3691 ver
1003 3640 1120 3705 Gerieht,
1138 3641 1246 3691 sondern

184 3708 308 3758 behnlten.
326 3708 558 3777 proPlnnc.28,68
571 3709 692 3775 ll⁷amquz¹
742 3709 874 3773 allgemeiu
903 3710 948 3759 der
971 3709 1072 3760 Seliutz.
1107 3708 1247 3773 Uehrigeus

182 3780 316 3843 pecuniam
333 3777 459 3842 dissoloe't,
476 3782 565 3829 statim
575 3793 627 3828 reon
643 3778 689 3829 lm·
743 3778 820 3841 ltingt
831 3795 860 3832 ee
870 3794 933 3830 usos
946 3777 1125 3829 ebenlellsvon
1135 3777 1247 3847 appellu-

185 3846 227 3894 oet
237 3844 270 3908 id,
284 3844 353 3910 quod
362 3846 479 3909 reddidit,
493 3849 537 3913 qui
546 3851 633 3897 autem
644 3846 689 3897 de·
743 3849 769 3896 η’
778 3847 817 3895 nb.

185 3912 235 3973 bet,
256 3927 301 3961 aes
321 3915 417 3963 retinet
433 3914 559 3976 adsonem
574 3916 690 3980 gratiam
779 3913 819 3963 to.
838 3918 1035 3983 eum-potat:
1057 3930 1115 3966 eum
1123 3915 1158 3966 ist
1170 3930 1249 3983 queu-

185 3981 272 4027 aetem
283 3984 309 4028 et
320 3983 364 4044 qui
374 3983 459 4046 refert
468 3983 545 4032 dubet
556 3986 582 4032 et
592 3985 636 4048 qod
643 3983 689 4032 da-
744 3983 774 4030 do
793 3981 902 4047 quidem,
920 3978 1019 4048 ἐπειδή
1033 3999 1095 4051 περ.
1126 3982 1174 4035 llit
1191 3985 1247 4033 dem
