2776 4502
528 298 621 354 cnr.
646 298 840 363 cana-ro.
1137 344 1142 353 .
1168 303 1213 371 43

149 453 299 535 rohmuto
312 448 384 529 iie'pi.
412 454 489 535 Nam
502 454 563 537 hoc
574 454 675 535 ipsum
689 452 729 515 iia
742 453 855 516 iustum
868 465 927 528 cat,
940 453 1022 534 quod
1034 462 1114 521 raca
1129 453 1170 529 fit,
1184 454 1212 518 oi

150 537 409 618 acaunensium.
436 539 514 609 Sunt
524 538 621 610 etiam,
638 538 688 618 qui
699 536 859 600 autstndio
870 537 916 600 rei
926 539 1078 615 familiaris
1086 539 1213 609 mendac
1228 553 1263 606 29

149 630 204 701 aqi
215 623 284 685 odio
300 623 430 704 quodam
443 622 601 686 hominnm
615 640 704 684 suum
717 641 750 684 se
763 622 917 701 negotium
929 641 1014 703 agere
1028 623 1143 699 dicant,
1157 641 1214 691 noc

150 709 244 771 facere
264 708 404 788 cuiquam
418 707 572 771 videantur
586 706 738 773 iniuriam:
761 707 811 787 qui
825 706 918 769 altero
934 725 1040 788 genere
1053 708 1213 771 iniustitiae

148 799 265 864 meant,
286 793 317 854 in
335 794 459 855 alterum
478 792 641 855 incurrunt
676 791 821 865 Deserunt
840 790 1013 855 animatae
1032 792 1212 869 societatem,

150 875 224 957 quia
233 875 307 937 nihil
321 877 477 941 conferunt
490 877 522 938 in
537 895 602 938 eam
619 876 717 953 studii,
732 876 806 938 nihil
816 895 933 956 operae,
948 876 1022 939 nihil
1031 877 1211 941 faculatum.

236 961 360 1034 Quando
379 959 468 1041 igitur
487 960 604 1025 duobus
623 961 780 1041 generibus
800 958 958 1025 iniustitiae
977 962 1141 1042 propositis
1159 961 1213 1024 ad·
1313 1023 1327 1037 ,

148 1044 297 1107 iunximus
311 1065 415 1108 causas
430 1046 583 1126 utriusque
594 1045 719 1126 generis,
734 1064 841 1126 easque
851 1064 900 1108 res
912 1052 981 1107 ante
993 1045 1213 1120 constituimus,

149 1129 257 1210 quibus
267 1130 377 1193 iustitia
384 1132 592 1205 continuetur,
601 1130 683 1192 facile
693 1131 774 1210 quod
782 1130 924 1211 cuiusque
931 1131 1075 1210 temporis
1083 1130 1214 1195 officium

148 1214 189 1277 sit
201 1215 382 1293 putarimus,
396 1215 455 1279 nisi
468 1224 589 1278 nosmet
602 1215 686 1294 ipsos
701 1215 783 1278 vaide
796 1215 976 1288 amabimus,
990 1215 1129 1278 iudicare.
1157 1214 1213 1278 Est
1229 1227 1263 1278 30

149 1299 229 1361 enim
251 1300 376 1365 difficilis
400 1318 590 1363 curararum
608 1300 776 1363 alianamm.
812 1301 998 1380 Quamquam
1018 1299 1213 1363 Terentianus
1224 1294 1314 1383 lipia«

148 1384 196 1447 iile
210 1382 349 1448 Chremes
364 1385 495 1448 ‘humani
509 1385 582 1446 nihil
596 1403 613 1446 a
627 1404 660 1447 se
674 1385 802 1447 alienum
815 1384 927 1464 putat’a'
948 1385 1008 1446 Sed
1022 1392 1130 1460 umen,
1144 1383 1277 1511 quicq!
1294 1406 1356 1499 ppo

148 1469 242 1547 magia
262 1487 296 1530 ea
317 1469 497 1548 percipimus
511 1477 599 1550 atquc
613 1469 773 1542 scutimus,
795 1487 868 1549 quae
881 1468 970 1531 nohis
984 1468 1059 1548 ipsis
1074 1477 1125 1532 aut
1138 1487 1212 1549 pro-

150 1570 237 1632 spera
255 1559 304 1616 aut
317 1554 440 1615 adversa
453 1554 602 1628 eveniunt,
622 1573 711 1634 quam
725 1553 787 1627 illa,
807 1572 882 1633 quae
896 1554 1015 1627 ceteris,
1037 1572 1111 1634 quae
1128 1553 1213 1634 quasi

148 1636 239 1716 longo
254 1636 403 1700 intervallo
418 1637 569 1700 interiecto
583 1637 731 1711 videmus,
746 1638 828 1700 aliter
842 1638 878 1699 de
892 1636 947 1699 illis
963 1656 998 1699 ac
1012 1638 1049 1700 de
1062 1637 1149 1700 nobis
1163 1638 1212 1701 iu·

149 1721 291 1783 dicamus.
321 1722 465 1795 Quocirca
483 1721 559 1784 benc
572 1721 757 1802 praecipiunt
771 1722 821 1802 qui
835 1729 934 1784 votam
947 1721 1103 1800 quicquam
1116 1740 1211 1801 agere,

149 1805 230 1885 quod
248 1805 364 1869 drrbitcs
384 1816 513 1886 acquum
532 1807 572 1868 sit
581 1810 624 1867 an
638 1806 781 1886 iniquum.
809 1806 949 1886 Aequitas
963 1805 1042 1867 enim
1055 1806 1134 1868 lucet
1147 1802 1213 1886 ipsa

148 1908 202 1970 per
215 1909 258 1965 se,
273 1891 415 1953 dubitatio
430 1891 637 1971 cogitationem
652 1891 797 1970 siguificat
810 1890 942 1953 iniuriae.

234 1975 293 2037 Sed
308 1976 442 2037 incidunt
456 1995 544 2056 saepe
558 1987 706 2056 tempora,
716 1972 794 2038 ³cum
809 1994 856 2050 ea,
877 1993 951 2055 quae
965 1975 1093 2036 maxime
1107 1974 1210 2038 riden-
1224 1976 1265 2037 lo

150 2067 198 2121 tur
211 2059 299 2138 digna
313 2079 379 2122 esse
393 2060 472 2122 iusto
486 2060 609 2123 honrine
623 2078 726 2141 eoque,
742 2079 829 2140 quem
844 2060 940 2122 virum
950 2059 1064 2120 bonum
1075 2059 1211 2135 dicimus,
1229 2069 1261 2120 31

147 2152 366 2206 commutantur
385 2146 517 2224 fiuntque
540 2145 700 2220 contraria,
720 2153 753 2207 ut
770 2144 892 2207 reddere
913 2143 1097 2224 depositum,
1117 2144 1211 2211 iacere

146 2227 343 2307 promissum,
365 2248 496 2309 quaeque
512 2230 658 2311 pertinent
673 2230 709 2291 ad
723 2229 872 2291 veritatem
887 2236 915 2290 ct
930 2229 1083 2303 adsidam,
1104 2247 1138 2290 ea
1145 2228 1210 2319 prp-

59 2372 115 2392 Q
142 2331 229 2405 gnare
242 2311 389 2375 interdum
405 2322 436 2374 et
449 2334 511 2376 non
527 2314 689 2400 servare-tit
702 2315 824 2376 iustum.
853 2312 1061 2375 Referrienim
1077 2314 1159 2375 decet
1173 2314 1210 2376 ad

114 2462 120 2470 ,
147 2398 279 2476 ca,''quae
293 2398 380 2478 posui
395 2398 549 2478 principio,
565 2396 755 2475 fundamenta
769 2397 910 2461 iustitiae:
925 2397 1056 2476 primum
1070 2408 1104 2459 ut
1112 2416 1153 2477 ne
1163 2396 1210 2460 cui

71 2466 113 2497 s
145 2488 302 2553 noceatur,
325 2482 431 2542 deinde
449 2489 482 2543 ut
501 2474 657 2543 communi
670 2482 787 2542 utilitati
807 2481 957 2553 serviatur,
986 2482 1028 2543 lia
1046 2476 1115 2542 cum
1133 2489 1210 2542 tem-

145 2584 220 2644 pore
231 2573 460 2638 commutantur,
473 2572 671 2627 commutatur
683 2564 813 2627 officium
824 2573 853 2626 et
863 2583 926 2626 non
938 2583 1056 2644 semper
1067 2572 1113 2626 est
1123 2565 1210 2626 idem.

179 2782 222 2835 29.
250 2797 297 2834 neo
310 2784 407 2849 succro
428 2783 569 2836 aramma.
605 2783 650 2835 Die
703 2785 766 2837 aim
775 2788 848 2853 puto.
866 2783 978 2836 Mitdem
987 2784 1211 2836 Verscentachul·

144 2851 220 2907 iiius.
232 2850 313 2902 haben
323 2853 388 2917 aas.
400 2868 431 2916 o,
443 2851 593 2916 daswiirdc,
605 2850 651 2903 ab·
704 2854 758 2916 digt
778 2852 897 2904 Chremes
921 2854 976 2903 scin
999 2851 1161 2904 Einmischen
1185 2853 1211 2902 in

144 2919 237 2983 biiugis
256 2935 307 2970 von
325 2918 425 2983 dicunt,
454 2921 502 2971 den
523 2918 651 2972 Vorwand
704 2920 799 2972 frende
811 2919 1018 2984 Angelegenheit

145 2987 269 3052 engeten,
287 2986 334 3038 mit
350 2988 405 3037 deur
419 2987 481 3053 jane
498 2987 579 3039 Lente
595 2984 650 3038 ihre
669 3037 670 3040 ,
734 2989 1074 3057 percipimus-sentimur.-
1084 2980 1211 3040 einia'ore-
1231 3028 1234 3035 .

145 3053 414 3118 Zuriickgezogenheit
447 3055 648 3118 entschuldigen3
703 3071 755 3173 3ον
766 3051 913 3126 πρότερον,
926 3056 966 3105 die
974 3055 1139 3122 limpiindung
1150 3054 1211 3119 geht

145 3122 208 3173 abor
218 3122 244 3173 in
256 3124 320 3174 dem
333 3121 406 3173 Falla
416 3124 485 3175 hiitte
495 3122 546 3174 Cic.
556 3123 608 3173 wal
618 3140 651 3175 ne
720 3139 750 3173 er
761 3123 914 3185 Auffassnag
925 3137 1028 3173 vorans.

136 3191 246 3255 jacim
267 3190 440 3253 genetricum.
476 3190 530 3243 Noc
549 3192 600 3242 und
619 3205 651 3242 nc
741 3190 865 3253 Quocirca
884 3193 947 3241 banc
960 3192 1130 3259 praecipiunt.
1164 3189 1210 3242 nia

144 3257 256 3308 kounten
267 3257 344 3308 leicht
356 3259 502 3309 vertauscit
512 3259 624 3309 werden.
705 3259 760 3309 hier
775 3257 904 3322 geqcbcne
919 3257 1051 3323 cinseitigc
1067 3257 1213 3313 vomuerit

178 3326 252 3375 cram
309 3324 651 3392 tomporia‚injcdemFallc,
705 3329 750 3377 des
771 3324 897 3379 Handelns
921 3326 956 3376 iat
979 3325 1047 3378 nicht
1069 3327 1109 3378 dic
1128 3325 1211 3377 Lehre

145 3391 170 3455 ξ.
182 3389 253 3442 31.3
272 3391 334 3441 .51,
349 3392 405 3442 159.
419 3446 422 3449 ,
706 3395 778 3445 einer
802 3392 1072 3460 Philosophcnsehule,
1102 3395 1212 3445 sondcrn

178 3456 221 3509 30.
247 3456 297 3510 list
312 3461 380 3510 anim
395 3457 523 3526 dq'ffica'la'e:
546 3460 670 3527 niinrlich⁴
706 3463 762 3513 eine
775 3460 909 3512 imMunde
922 3462 966 3513 ica
979 3461 1211 3513 riiurischenVolkr

145 3542 235 3591 wagan
247 3527 294 3577 der
306 3524 466 3590 Selbstliebc,
478 3527 526 3578 wie
539 3528 651 3595 derSatz
705 3529 811 3595 labendo
832 3529 952 3581 Sentcnz.
981 3528 1045 3580 Plio.
1067 3545 1107 3594 ep.
1128 3527 1151 3591 1,
1179 3526 1210 3579 18

144 3595 189 3645 mit
200 3594 248 3647 aad
258 3599 344 3646 manen
355 3597 416 3662 quia
427 3598 512 3662 magis
526 3595 651 3655 ausfihrt.
708 3595 800 3650 Tutius
807 3601 886 3666 putor
894 3595 958 3649 aiiud
968 3598 1115 3649 mausum
1124 3599 1211 3651 cmm·

144 3661 222 3714 Barim
233 3661 324 3730 kniipi't
334 3664 390 3714 also
401 3679 434 3715 an
445 3665 494 3714 den
506 3662 651 3716 Zwischen·
705 3681 753 3732 quo
759 3667 934 3735 pracceptum,
943 3664 1012 3730 quod
1019 3663 1120 3716 dubitas
1128 3667 1210 3733 nese·

145 3736 214 3794 uta,
230 3733 283 3782 uiri
291 3736 393 3783 coemat
405 3735 460 3852 ipsi
470 3732 542 3786 vaide
552 3734 650 3785 moabi-
705 3733 816 3852 euripid
825 3735 914 3852 {psum
923 3733 1042 3801 raserias.

144 3797 469 3920 mutibincrioevsgliicnlnioirt.
480 3867 501 3931 1,
515 3868 584 3933 1,25
605 3870 653 3927 ta-
706 3791 1211 3934 amalacitaeiuliiiiiiistaiiggffuidffl3

145 3928 188 3983 mo
204 3950 275 3985 sum:
292 3934 400 3987 humma
417 3933 483 3988 πίω
496 3953 515 3989 a
529 3953 571 3990 ma
590 3937 651 3989 aiic-
706 3939 772 3988 deun
796 3937 837 3988 (iic
861 3933 1022 3989 Grundsitzo
1050 3937 1150 3989 bicibcn
1169 3937 1211 3990 iic
