2772 4504
551 327 828 407 mummm
1166 333 1288 396 tw‘

132 524 138 535 .
162 484 416 567 opibusquamris
425 485 571 547 tirnelada
580 483 707 559 libertas,
719 493 874 564 emergunt
882 493 981 547 tamen
991 486 1227 582 hpeoaliquando
1259 474 1286 551 ²5

163 580 213 634 aut
231 570 345 633 iudiciis
369 569 464 631 tacitis
485 577 535 631 aut
558 569 679 630 occultis
699 571 736 631 de
759 571 876 632 honore
899 572 1054 650 suffragiis.
1091 573 1227 634 Acriores

162 664 261 719 autem
275 674 397 716 morsus
413 661 484 715 sunt
502 653 690 716 intermissae
705 655 845 717 libertatis
867 674 955 735 quam
970 664 1112 735 retentae
1124 664 1126 669 ⁴
1140 657 1228 731 Quod

163 742 250 822 igitur
264 740 407 802 latissime
422 747 502 819 patet
520 757 617 818 neque
631 741 666 800 ad
686 740 916 802 incolumitatem
936 742 1048 815 solum,
1068 742 1120 803 sed
1141 742 1229 804 etiam

163 827 201 888 ad
216 843 291 905 opes
306 833 336 886 et
349 825 512 903 potentiam
526 825 599 885 valet
613 825 787 904 plurimum,
802 826 831 886 id
846 827 1069 906 amplectamur,
1084 834 1117 888 ut
1131 834 1228 888 metus

164 910 249 983 absit,
266 911 370 971 caritas
385 911 552 972 retineatur.
579 911 620 972 lta
636 911 768 971 facillime
782 930 856 991 quae
870 911 1009 972 volemus*
1018 920 1048 972 et
1061 911 1180 991 privatis
1197 911 1229 972 in

163 994 254 1056 rebus
269 1002 298 1056 et
312 994 344 1055 iu
359 994 521 1074 republica
536 1014 762 1075 consequemur.
788 997 904 1058 Etenim
914 996 965 1076 qui
977 1015 1009 1058 se
1020 997 1111 1057 metui
1122 995 1228 1066 volent,

164 1080 309 1159 aquibus
333 1089 513 1154 murentur,
537 1081 656 1141 eosdem
682 1090 815 1144 metuant
838 1082 896 1161 ipsi
915 1101 1036 1143 necesse
1062 1088 1114 1142 est.
1150 1080 1227 1154 Quid
1248 1092 1282 1144 25
1336 1122 1344 1130 ι

164 1165 243 1226 enim
259 1183 414 1227 censemus
430 1166 614 1245 superiorem
628 1167 709 1228 illum
724 1167 903 1247 Dionysium,
919 1185 977 1264 (pm
995 1166 1122 1227 cruciatu
1137 1147 1228 1227 timo-

163 1251 205 1312 ris
220 1251 288 1329 angi
303 1249 445 1311 solitum?
474 1251 524 1330 qui
546 1252 655 1312 cultros
674 1260 810 1314 metuens
831 1251 983 1324 tons'd'rros
1005 1252 1148 1312 candente
1164 1269 1229 1312 car-

163 1336 242 1396 bone
258 1336 314 1397 sibi
330 1336 471 1397 adurebat
491 1334 648 1415 capillum?
676 1337 745 1429 quid
760 1337 956 1397 Alexandrum
971 1336 1148 1409 Pheraeum,
1169 1354 1233 1414 quo¹

166 1420 389 1481 animovixisse
403 1418 602 1481 arbitramur?
625 1422 735 1499 qui‚‘ut
753 1421 896 1501 scriptum
912 1420 1050 1498 legimus,
1072 1439 1138 1481 cum
1154 1420 1228 1480 uxo-

139 1496 147 1507 '
165 1523 230 1564 rem
245 1504 366 1564 Theben
382 1504 542 1564 admodum
558 1504 699 1584 diligeret,
718 1515 817 1568 tamen
837 1506 873 1566 ad
888 1524 952 1566 eam
967 1525 1002 1565 ex
1017 1504 1119 1583 epulis
1130 1505 1161 1564 in
1177 1523 1228 1566 cu-

165 1588 296 1649 biculum
312 1588 432 1649 veniens
444 1589 600 1664 barbarum
612 1598 642 1652 et
652 1609 720 1652 eum
732 1592 860 1670 quidem,
876 1598 909 1651 ut
921 1590 1063 1668 scriptum
1076 1596 1129 1663 est
1144 1609 1228 1650 com-

166 1680 312 1753 punctum
332 1672 411 1734 notis
432 1673 564 1735 Thraciis
586 1676 726 1737 destricto
747 1675 842 1754 gladio
863 1673 980 1735 iubebat
999 1674 1122 1748 anteire,
1142 1693 1229 1753 prae-

167 1757 357 1838 mittebatque
372 1758 408 1818 de
429 1759 623 1838 stipatoribus
640 1760 701 1820 suis
717 1760 766 1840 qui
782 1766 983 1821 scrutarentur
998 1759 1109 1820 arculas
1124 1758 1229 1819 mulie-

167 1843 235 1904 bres
255 1851 341 1902 etue
362 1844 441 1922 quod
460 1844 492 1904 in
511 1845 694 1905 vestimentis
713 1845 801 1906 telum
824 1843 1016 1905 occultaretur
1035 1843 1228 1923 exquirerent.
1283 1867 1285 1871 ·

168 1928 193 1989 0
213 1928 369 2000 miserum,
396 1928 445 2006 qui
464 1928 626 1989 fideliorem
645 1939 675 1990 et
692 1930 850 1991 barbarum
870 1936 899 1989 et
919 1928 1095 2006 stigmatiam
1115 1924 1231 2006 putaret

112 2020 123 2038 ⁹
169 2030 257 2093 quam
273 2011 440 2092 coniugem!
471 2013 534 2074 Nec
548 2033 615 2075 eum
632 2014 737 2075 fefellit.
768 2015 811 2075 Ab
827 2034 861 2074 ea
876 2022 921 2075 est
936 2013 1013 2074 enim
1029 2014 1094 2091 ipsa
1108 2019 1231 2093 propter

62 2172 64 2176 ,
169 2098 317 2177 pellicatus
344 2097 541 2178 suspicionem
565 2100 744 2161 interiectus
786 2100 846 2160 Nec
869 2112 937 2159 v‘ero
963 2099 1020 2159 ulla
1044 2099 1088 2158 vis
1115 2096 1231 2176 imperii

169 2190 322 2255 tentaret,
344 2193 417 2261 quae
432 2191 584 2262 premente
604 2192 684 2245 metu
699 2184 794 2264 possit
815 2203 882 2244 esse
897 2183 1043 2245 diuturna.
1074 2182 1169 2244 Testis
1185 2189 1231 2243 est
1252 2189 1284 2242 26

170 2267 316 2341 Phalaris
336 2267 418 2328 cuius
434 2274 480 2328 est
493 2277 609 2347 praeter
624 2277 736 2332 ceteros
753 2269 904 2330 nobilitata
918 2269 1085 2341 crudelitas,
1105 2268 1155 2347 qui
1170 2285 1233 2327 non

384 2419 430 2430 ‚‚
1002 2345 1319 2468 Woesffissf·

204 2420 318 2483 libertos,
331 2419 527 2470 Frerbertssinn.-
540 2421 674 2470 Sobetleu-
728 2438 760 2471 zu
772 2422 828 2471 dem
837 2420 950 2487 Dienste,
963 2420 1012 2469 ihm
1026 2420 1073 2469 den
1083 2420 1169 2469 Barta
1186 2435 1233 2468 zu-

169 2493 208 2538 tet
226 2488 316 2553 gloria
335 2486 501 2549 liuhmsucht3
519 2488 565 2553 l§.
579 2487 622 2538 44.
643 2488 674 2537 ad
728 2496 831 2551 senga‘o,
844 2488 973 2537 benutztc.

170 2554 228 2604 lan.
241 2554 298 2616 Vll,
313 2553 343 2604 13
360 2557 470 2619 mortar,
491 2559 531 2620 m’,
552 2572 619 2621 puae
631 2559 676 2605 heo
762 2553 914 2606 Aleoeort'der
924 2570 974 2605 von
986 2554 1091 2618 Pherae,
1105 2555 1176 2605 einer
1187 2555 1234 2604 der

168 2623 319 2689 gloriaest,
338 2627 402 2689 puto
415 2627 440 2671 te
451 2623 527 2672 malla
536 2639 554 2673 a
567 2623 676 2674 Caesare
728 2622 882 2686 Nachfolger
892 2622 937 2672 des
947 2621 964 2687 1,
974 2621 1014 2686 30,
1027 2621 1074 2671 108
1087 2623 1233 2672 erwiihntcn

170 2691 490 2756 consuliquomdraorort.
727 2690 809 2755 lason,
821 2689 1036 2741 dessenTochter
1050 2689 1135 2740 Thebe
1147 2705 1235 2741 eruor

205 2758 246 2808 24.
270 2758 370 2809 tudiciis
383 2761 482 2808 mettio.-
501 2758 582 2809 indam
599 2759 675 2808 hoch-
728 2759 797 2824 Erau
813 2760 897 2808 batte
921 2758 968 2807 Die
985 2757 1118 2808 Thebaner
1133 2758 1235 2809 fubrteu

170 2827 290 2891 gestellte
302 2825 414 2876 Miloner
429 2826 482 2875 sich
502 2842 559 2877 vom
577 2826 677 2877 Stante·
709 2874 712 2878 Δ
730 2843 810 2891 gagen
826 2827 867 2875 ibn
888 2825 1013 2875 mehrluch
1025 2823 1133 2892 liuere,
1153 2825 1234 2876 wobei

171 2895 246 2945 leben
257 2894 443 2958 zuriielmogen,
458 2895 519 2944 oder
530 2894 583 2945 sich
596 2894 678 2944 selbot
725 2893 1024 2959 'bekanntliobPelopidas
1035 2893 1077 2943 liel
1087 2892 1165 2958 (364).
1179 2893 1236 2943 Sei-

172 2963 240 3012 nicbt
259 2963 473 3027 verhcirotbeteo,
496 2979 537 3012 um
561 2963 601 3012 ihr
625 2962 676 3014 Ge·
730 2978 761 3012 ue
784 2961 914 3013 Gemablin
933 2962 1033 3015 tbdtcte
1056 2961 1097 3010 ihr
1119 2961 1167 3010 357
1191 2961 1237 3011 mit

172 3029 283 3080 schlecbt
294 3030 441 3081 uussterben
455 3047 487 3080 zu
499 3031 591 3081 lusson.
731 3029 804 3080 lliille
816 3030 885 3079 ihrer
896 3030 999 3093 Briider‚
1012 3030 1087 3079 deren
1100 3030 1172 3078 einer
1182 3029 1236 3079 siclt

204 3098 676 3164 occultisdehorroresraffragta'sffloet.
731 3099 795 3148 daun
807 3098 853 3146 der
865 3096 991 3162 Tymunis
1003 3096 1180 3160 bemiichtigte.

172 3165 244 3216 Caes.
253 3165 286 3215 80
299 3166 362 3216 Post
373 3171 486 3216 remotos
496 3166 641 3217 Caesetium
651 3171 680 3216 et
766 3168 945 3232 omnporrctmo
953 3167 1023 3214 notis
1035 3162 1159 3227 Thraciis,
1168 3163 1236 3213 tiito·

171 3233 312 3285 Harudum
341 3236 458 3284 tribunos
487 3238 593 3302 reperta
617 3238 680 3284 curet
731 3233 798 3298 wirt,
817 3233 931 3282 wiedies
944 3232 983 3282 dis
996 3231 1237 3283 WeisederTlra·

171 3304 299 3369 prostrate
319 3303 428 3352 omribis
449 3301 527 3368 plora
546 3305 679 3366 suffragia
733 3302 780 3351 lter
792 3315 846 3350 war
859 3300 958 3363 (Herod.
969 3299 1002 3363 V,
1015 3299 1030 3348 6
1042 3301 1088 3350 καὶ
1100 3295 1132 3350 τὸ
1144 3297 1197 3369 μὲν
1208 3297 1237 3351 ἐ-

173 3368 290 3419 oonrutar
302 3384 345 3417 eor
355 3368 546 3429 dedormttium
733 3370 860 3436 στίχθαί
870 3362 977 3435 εὐγενὲς
997 3369 1132 3436 κέκριται,
1153 3363 1185 3417 τὸ
1206 3364 1238 3418 δὲ

208 3437 248 3487 25.
269 3435 599 3503 Quid-cmsmnor,qoo:
616 3437 679 3487 iiber
723 3430 864 3489 -iiorrxror
875 3429 989 3503 ἀγενές).
1014 3436 1176 3486 DicRohheit
1187 3434 1239 3483 und

173 3502 564 3570 dieseFormdeeUcbergrnges‚
572 3505 679 3555 dieh'du·
733 3504 948 3556 Schreclrlicbkeit
960 3505 1004 3553 des
1012 3503 1161 3565 ‘Meoschem
1173 3500 1238 3550 wel·

173 3573 207 3636 lig
217 3573 275 3622 eine
288 3571 441 3635 Steigerung
452 3573 557 3637 antbiilt,
570 3588 591 3622 o.
603 3572 678 3639 Sepi—
734 3575 803 3623 chem
813 3571 967 3639 derTyraon
976 3573 1046 3621 mehr
1054 3576 1131 3633 trout,
1141 3569 1179 3619 als
1189 3569 1240 3619 sei-

100 3702 102 3709 χ
173 3640 225 3691 lert
236 3641 315 3691 schol.
329 3639 373 3690 lat.
387 3654 411 3704 p.
425 3639 466 3690 46.
733 3657 780 3691 ner
792 3639 893 3703 Gottin,
915 3640 979 3689 wird
991 3640 1068 3688 durch
1086 3638 1173 3688 diesen
1185 3635 1238 3687 Zu-

205 3708 347 3775 Dionpcioe
358 3708 404 3758 der
416 3707 520 3758 Aeltere
532 3709 681 3758 baberrscb-
734 3716 789 3759 satz
801 3707 973 3758 versinnlicbt.
1260 3752 1262 3755 .

173 3776 226 3826 teS
247 3777 323 3827 relius
336 3792 385 3825 von
398 3775 541 3827 tos-367.
562 3777 680 3829 Dissellre
768 3774 821 3828 Nec
833 3774 1003 3840 eumfesella’h
1016 3790 1045 3823 er
1057 3773 1172 3824 tbuschta
1185 3771 1239 3821 sich

173 3792 590 3897 hneidotewiehiererziihltssic
604 3843 679 3895 Tusc.
735 3845 810 3893 nicht.
837 3842 937 3908 follere
957 3842 991 3891 ist
1011 3839 1172 3907 impersonell
1194 3854 1239 3902 ge-

174 3911 205 3974 V,
219 3910 260 3976 20,
271 3911 313 3962 58.
334 3911 420 3963 Valcr.
430 3911 499 3965 Max.
512 3911 557 3977 IX,
573 3913 594 3978 l,
608 3912 623 3962 3
635 3913 682 3963 mit
735 3911 847 3976 bruucht,
859 3911 908 3959 wie
920 3924 949 3960 so
960 3909 1054 3971 hiiulig.

174 3980 229 4046 deri
242 3979 360 4046 Zuoatze,
376 3980 435 4031 dass
447 3996 476 4031 er
487 3982 558 4032 aeine
570 3980 682 4032 Ttobter
769 3977 810 4029 26.
835 3977 964 4044 Phalaris,
985 3976 1089 4042 Tyrum
1100 3989 1150 4026 von
1162 3975 1241 4038 Agri-
