2772 4504
941 212 1069 267 tw
1159 252 1217 283 ᾗ
1255 206 1259 221 ,

946 252 1204 451 qffl'fflisr

146 487 393 568 Conscripserunt
418 488 614 549 communiter
640 487 766 555 edietum
789 506 855 549 eum
877 505 954 567 poen
991 496 1077 568 atque
1096 489 1220 553 iudieio¹

145 574 428 652 constitueruntque,
458 580 491 633 ut
520 588 623 633 omnes
653 571 739 634 simul
767 572 797 632 in
823 573 930 635 Rostra
1001 583 1028 634 st
1052 576 1227 637 meridiem’¹

144 659 344 721 escenderent.
374 659 412 719 lit
431 658 517 719 aeteri
537 658 654 737 quidem
676 658 749 720 alius
769 657 839 732 alio,
860 658 968 720 Marius
1030 658 1158 722 ubselliis
1173 662 1204 721 in
1234 654 1238 717 ἕ
1333 726 1340 738 ,

143 744 251 805 Rostra
266 734 458 822 metimque,
478 744 557 822 quod
573 743 768 805 communiter
782 744 981 822 compositum
995 746 1101 819 iuerat,
1122 746 1203 808 solus

145 828 240 889 edixit.
281 828 318 888 lit
339 846 371 888 ea
391 847 452 902 res,
472 829 497 889 si
518 828 648 908 quaene,
669 829 695 889 ei
714 847 821 908 magno
841 829 949 890 honori
964 829 1026 891 luit.
1058 830 1202 892 Omnibus
1279 890 1286 913 Ι

142 913 213 987 vieis
225 919 344 985 statuae,
361 913 397 973 ad
395 922 526 991 msam,
543 913 627 975 aerei.
655 894 858 987 Quirinalia?
872 932 961 975 nemo
974 933 1114 994 umquam
1126 916 1203 977 mul·
1225 906 1327 1001 ”iiij

83 1055 93 1069 ,
143 998 261 1061 titudini
280 998 334 1059 luit
354 994 456 1059 aerior.
488 999 564 1060 Haeo
584 1006 654 1064 sunt
668 1018 743 1078 quae
758 999 935 1060 conturbent
948 999 979 1060 in
994 999 1204 1062 deliberatione
1224 1011 1255 1062 81
1314 1005 1366 1043 *e*

142 1102 204 1145 non
224 1101 400 1164 numquam,
420 1102 487 1145 oum
507 1084 552 1157 id,
573 1084 601 1145 in
623 1102 682 1164 quo
702 1084 825 1145 violatur
844 1084 985 1163 aequitas,
1006 1103 1066 1145 non
1086 1085 1124 1146 ita
1139 1104 1203 1149 ma-

144 1187 250 1248 gnum,
266 1169 463 1243 illudentem,
481 1169 560 1249 quod
575 1189 608 1229 ex
625 1188 659 1230 eo
675 1169 801 1248 paritur,
818 1187 1012 1248 permagnum
1028 1170 1156 1243 videtur,
1171 1179 1205 1233 ut
1241 1203 1253 1217 ν

142 1255 233 1317 Mario
259 1248 426 1334 praeripere
451 1255 570 1334 collegis
597 1262 625 1315 et
644 1254 770 1315 tribunis
791 1254 869 1333 plebi
890 1255 1062 1335 popularem
1081 1255 1204 1334 gratiam

142 1358 204 1401 non
219 1341 257 1403 ita
271 1347 367 1418 turpe,
382 1340 533 1401 consulem
551 1338 589 1399 ob
604 1357 668 1400 eam
683 1358 745 1400 rem
761 1339 833 1413 lieri,
850 1340 930 1418 quod
946 1339 1003 1402 sibi
1014 1346 1077 1400 tum
1089 1359 1203 1420 propo·
1220 1390 1222 1395 ,

144 1432 251 1498 suerat,
266 1424 348 1491 valde
361 1423 430 1484 utile
444 1424 605 1485 videbatur.
636 1424 694 1485 Sed
710 1424 843 1485 omnium
859 1440 917 1485 una
931 1424 1029 1521 rapula
1044 1432 1098 1498 est,
1115 1434 1203 1506 quam

142 1510 195 1571 tibi
209 1509 296 1587 cupio
312 1527 378 1569 esse
392 1508 587 1582 notissimam,
603 1517 653 1570 aut
667 1509 746 1583 illud,
761 1510 840 1588 quod
855 1509 924 1571 utile
935 1510 1056 1584 udatur,
1069 1517 1155 1590 turpe
1166 1528 1216 1593 pe.

144 1596 182 1656 sit
196 1601 258 1668 aut,
275 1594 300 1654 si
314 1601 400 1672 turpe
415 1601 472 1667 est,
486 1612 524 1655 ne
538 1593 667 1656 videatur
686 1613 752 1655 esse
764 1595 843 1656 utile.
875 1594 952 1668 Quid
967 1592 1077 1674 igitur?
1091 1614 1203 1674 possu-

142 1698 249 1741 musne
269 1686 319 1741 aut
336 1678 417 1739 illum
431 1679 555 1741 lilerium
570 1680 664 1740 virum
683 1678 795 1741 bonum
810 1680 938 1741 iudicare
953 1687 1002 1741 aut
1016 1678 1118 1741 huna?
1143 1681 1203 1742 Ex·

78 1836 81 1841 ,
143 1765 218 1844 plioa
233 1772 319 1844 atque
333 1772 433 1825 excute
452 1764 676 1844 intellegentiam
695 1772 789 1838 tuam,
814 1772 846 1826 ut
859 1764 957 1826 videas
978 1783 1051 1845 quae
1072 1765 1112 1827 sit
1125 1766 1155 1826 in
1171 1785 1204 1828 ea

146 1849 286 1931 [species]
309 1852 403 1911 forma
422 1857 451 1910 et
470 1850 552 1911 notio
568 1850 623 1912 viri
640 1849 720 1912 boni.
751 1850 833 1911 Cadit
849 1868 920 1928 ergo
936 1849 1075 1911 invirum
1091 1850 1204 1912 bonurn

83 1972 91 1981 ·
142 1935 259 1997 mentiri
283 1934 474 1997 emolumenti
494 1936 541 1997 sui
561 1954 660 2008 eausa,
688 1935 857 2008 criminari,
877 1936 1057 2015 praeripere,
1084 1933 1203 1997 lallare?

142 2021 221 2083 Nihil
238 2022 371 2100 proiecto
390 2020 498 2082 minus.
539 2020 592 2082 Est
611 2020 698 2100 igitur
718 2021 773 2083 ulla
791 2039 839 2082 res
859 2021 930 2082 tanti
947 2029 997 2082 aut
1012 2020 1202 2100 commodum
1224 2033 1257 2086 82

141 2106 233 2169 ullum
257 2114 317 2166 tam
343 2107 550 2185 expetendum,
576 2115 608 2167 ut
627 2106 680 2168 viri
699 2106 771 2168 boni
792 2107 1024 2186 etspleudorem
1045 2114 1075 2168 ot
1093 2100 1327 2217 nomenQp
1377 2116 1378 2193 ᾗ

1250 2232 1253 2235 .
1306 2224 1320 2253 ,¹
1377 2196 1378 2237 l

699 2292 806 2343 Ansiobt
816 2309 866 2344 vnn
879 2295 927 2343 den
945 2294 1106 2358 angebornen
1118 2291 1201 2360 idean,
1229 2211 1259 2329 3¹
1277 2215 1354 2367 355?-

699 2361 795 2410 welabe
805 2362 881 2410 durch
888 2355 1203 2430 oivaiparqmcnngelrisebt
1278 2372 1285 2381 ·
1376 2360 1377 2371 ¹

699 2429 749 2478 und
761 2428 818 2477 ilar
829 2430 943 2493 gemacht
953 2431 1069 2490 werden,
1082 2429 1146 2494 liogt
1158 2429 1205 2480 dar

699 2495 841 2546 lledeusart
852 2513 885 2546 zu
897 2495 1012 2558 Grunde3
1030 2497 1205 2563 intellegentia

699 2564 734 2614 ist
746 2565 791 2614 der
800 2564 920 2631 Complex
932 2566 1017 2615 dieser
1026 2562 1108 2629 Ideen,
1119 2564 1203 2615 wafrir

540 331 599 383 LlB.
612 329 653 382 lll.
667 330 751 383 'CAR
765 331 805 384 20.

177 2308 235 2344 eam
248 2307 333 2361 poena
345 2296 371 2342 ot
385 2291 494 2355 iudicio,
513 2293 559 2343 mit
571 2292 646 2343 Fest-

143 2369 250 2425 setzung
261 2358 397 2411 derStraio
406 2360 454 2409 und
467 2359 645 2423 desGerlabts,

142 2431 264 2480 vordero
287 2429 327 2478 die
346 2427 564 2493 Uebertrotnngen
585 2444 645 2480 ver·

142 2498 244 2548 baadelt
254 2497 355 2547 werden
368 2496 457 2546 sollan.
475 2495 645 2560 nginVarr.

134 2566 185 2617 ¹lib.
198 2564 217 2629 l,
230 2565 271 2629 42,
286 2563 334 2615 los
353 2563 470 2616 Cornelia
480 2592 515 2602 —
526 2582 645 2616 namma·

143 2637 190 2700 ria,
215 2637 315 2684 ceterae
330 2633 486 2699 complures,
510 2635 538 2684 ia
555 2635 645 2699 qadim

120 2700 123 2705 “
141 2703 246 2754 nonius
258 2699 361 2766 aliquod
371 2715 462 2751 nouam
474 2705 645 2769 emetitaitur,

142 2770 190 2822 sed
199 2772 326 2832 amatur,
343 2771 374 2819 ai
389 2767 458 2835 qaod
473 2785 575 2839 seraper
589 2786 645 2823 ma·

141 2839 195 2891 lam
208 2839 319 2906 saetam
340 2838 431 2903 faerit
453 2840 508 2889 aas
531 2841 647 2903 quaestio

141 2907 176 2958 ad
184 2905 308 2976 populum
319 2908 492 2974 pertineatis·
500 2909 569 2956 aerio
583 2911 645 2957 mm·

140 2990 211 3043 pore.

102 3116 105 3121 ¹
176 3055 243 3109 alias
254 3055 303 3106 alio
317 3071 351 3106 se.
363 3072 390 3106 se
403 3057 571 3107 contuleruut

176 3159 194 3194 a
224 3141 351 3193 subselliis
381 3141 456 3192 niiml.
481 3142 645 3207 tribunorum,

142 3226 183 3260 wo
196 3210 236 3260 die
248 3209 327 3260 Suebo
339 3209 490 3261 verbandolt
501 3225 562 3260 war.

177 3293 645 3361 auraa:l²rrn.xxx1v,6,tnstaraa-

142 3362 349 3415 meardenae
359 3367 386 3413 in
399 3365 514 3415 mnaibm
526 3366 587 3415 titis
599 3367 646 3416 tri-

142 3435 189 3484 bou
201 3430 287 3482 llario
300 3429 461 3493 Gratidiano,
478 3436 509 3483 at
523 3432 645 3498 marinae,

142 3500 294 3566 mdenqaa
302 3497 545 3552 mboertereui'allae
552 3504 645 3552 mirai-

141 3573 178 3621 ta.
198 3568 301 3633 ‘Soneea
313 3568 343 3619 de
355 3568 394 3619 im
405 3567 438 3619 lll
461 3568 492 3618 18
504 3568 540 3619 Μ.
553 3568 646 3634 Mario,

142 3641 185 3689 oui
200 3640 303 3689 tubam
320 3626 422 3687 sidiam
432 3636 542 3705 populus
550 3653 645 3706 pomo·

142 3709 197 3766 rat,
215 3708 258 3756 eui
268 3709 327 3759 tare
338 3709 365 3755 et
375 3707 431 3756 omo
441 3705 602 3773 supplicabat
611 3733 646 3742 -

114 3820 118 3827 ,
142 3771 172 3823 12.
184 3769 255 3824 Sulla
263 3774 399 3842 perfringi
408 3787 499 3836 mara,
518 3777 574 3824 ena
585 3789 644 3824 aaa·

144 3838 189 3906 lor,
201 3842 334 3908 arnpotari
344 3857 437 3892 ananus
451 3842 537 3892 tussit.

178 3923 220 3973 81.
244 3925 346 3993 surplioa
356 3930 430 3991 atque
442 3929 535 3976 meare
546 3925 645 3976 intslle-

141 3993 271 4058 gentiam:
288 4008 310 4043 a.
325 3991 349 4060 fi.
363 3992 403 4044 76.
431 3993 478 4043 Die
490 3993 644 4061 platonisobe

700 2632 751 2683 cie.
764 2634 826 2682 anob
842 2636 961 2684 nonanes
979 2633 1041 2683 oder
1056 2631 1203 2698 intellegen-

700 2702 752 2751 tiae
767 2708 831 2764 sapt.
1063 2722 1067 2725 ·

700 2768 1204 2900 aripissifsbisab'bibnitgsscbiiensebhii

700 2921 729 2955 er
741 2906 782 2954 nie
793 2920 843 2969 von
857 2905 872 2954 3
885 2904 989 2955 einzelu-
1004 2905 1140 2955 stebenden
1153 2905 1201 2954 Be·

700 2972 789 3037 grill'en
803 2973 902 3022 nordio
914 2972 1004 3023 beiden
1017 2972 1110 3022 letzten
1124 2973 1201 3023 durch

700 3046 727 3091 et
737 3041 799 3091 oder
810 3056 839 3091 ar
851 3041 991 3091 verbindet.
1017 3040 1055 3090 0b
1067 3040 1129 3089 aber
1136 3041 1202 3105 sor-

699 3125 744 3160 ma
756 3109 818 3159 oder
834 3111 930 3176 speeies
943 3108 1086 3172 gastrioben
1099 3108 1201 3158 werden

699 3192 776 3240 muss,
788 3178 854 3227 ldsst
863 3177 915 3227 sieb
925 3178 1023 3228 sebwer
1032 3175 1201 3242 entsebeiden,

700 3247 731 3296 do
751 3245 824 3295 beide
845 3244 928 3308 biiulig
950 3260 995 3294 zur
1012 3243 1202 3309 Uehersetzung

700 3314 744 3363 des
766 3313 938 3379 platonisoben
963 3309 1037 3368 εἶδος
1057 3313 1119 3362 oder
1140 3309 1203 3363 ralia

699 3381 838 3445 gebrauobt
853 3382 970 3442 merdam
987 3379 1063 3430 Tusa.
1075 3378 1101 3443 1,
1114 3379 1156 3443 24,
1168 3379 1201 3430 58

699 3447 893 3518 quaaide‘avap
912 3448 1202 3515 ellatsllqnosspaeiem.
1292 3476 1298 3527 ι·
1372 3440 1373 3455 ³

699 3525 751 3584 top.
765 3518 788 3578 7,
802 3517 834 3567 30
846 3519 873 3568 in
886 3466 1121 3582 iiieimonesormao
1132 3519 1200 3580 ment,

699 3602 762 3652 quar
775 3583 866 3636 Graem
876 3583 955 3642 ἰδέας
964 3587 1063 3646 rorant,
1075 3584 1161 3634 noent
1167 3609 1202 3620 ·-

699 3657 796 3722 speeies
814 3653 953 3721 appellarit,
973 3667 1025 3703 non
1063 3653 1154 3702 marnae
1173 3630 1230 3743 id]
1256 3686 1290 3697 ».
1370 3640 1372 3669 ³

698 3722 811 3788 quiderm
828 3721 876 3771 sed
885 3720 1009 3770 inutiliter
1063 3718 1217 3775 enormior<
1348 3766 1372 3795 ὦ

699 3805 774 3841 rasus
786 3793 812 3840 in
823 3787 935 3840 dicendo.

734 3850 774 3907 822
784 3856 943 3925 splendorem
953 3861 1079 3906 sturmen
1090 3854 1124 3903 ist
1132 3853 1206 3903 niebt‘

680 3925 737 3975 'als
755 3921 785 3976 dv
805 3918 853 3974 did
872 3921 952 3974 δυοῖν
966 3922 1122 3982 anzuseben,
1140 3935 1199 3987 sop-

700 3994 761 4043 dern
772 4007 863 4043 nemea
875 3991 910 4041 ist
920 4012 955 4034 ει
966 3989 1055 4057 gloria.
