2772 4504
34 38 336 146 ‘simules'
350 46 592 174 tttuuunp·
616 17 832 141 unctui„

12 170 389 360 lrltttr'lr

572 300 576 305 '
608 290 808 344 odorricus

179 453 215 513 ad
227 471 289 512 reni
301 449 447 530 publicam
458 448 615 528 pertinent,
627 446 836 528 disputandum
848 453 902 525 est.
924 446 1035 507 Eorum
1047 452 1144 507 autern
1154 444 1239 524 ip'so-

180 556 246 599 rum
269 536 376 616 partim
400 534 463 596 eius
483 533 564 595 modi
583 540 667 607 sunt,
692 542 723 595 ut
742 533 778 594 ad
796 532 949 594 universos
969 530 1046 592 cives
1065 531 1239 611 pertineant,

180 623 301 703 partim,
325 621 457 701 singulos
476 626 509 682 ut
524 618 678 698 attingant,
700 638 772 699 quae
788 626 857 680 sunt
873 618 958 679 etiam
973 616 1108 696 gratiora.
1138 616 1239 678 Danda

180 727 270 787 opera
285 714 330 768 est
341 707 476 780 omnino,
492 705 517 766 si
528 705 632 786 possit,
647 705 788 788 utrisque,
804 722 859 765 nec
870 703 978 777 minus,
993 710 1026 764 ut
1037 703 1123 763 etiam
1136 701 1239 785 singu-

179 794 215 853 lis
232 793 414 869 consulatur,
433 791 484 853 sed
498 791 551 866 ita,
567 799 600 852 ut
615 810 647 852 ea
661 809 709 851 res
725 799 774 852 aut
788 788 884 871 prosit
897 796 947 850 aut
962 795 1089 850 certene
1106 787 1184 849 obsit
1198 788 1241 849 rei

179 879 320 958 publicae.
361 878 391 938 C.
417 877 540 938 Gracchi
565 876 751 938 frumentaria
776 894 880 954 magna
903 874 1030 954 largitio:
1056 873 1241 935 exhauriebat

179 964 268 1042 igitur
292 963 448 1025 aerarium:
469 962 584 1023 modica
602 961 764 1023 hlottarii
783 969 811 1022 et
829 961 870 1021 rei
889 960 1021 1040 publicae
1040 959 1197 1021 tolerabilis
1213 967 1241 1021 et

26 1084 34 1129 f
127 1067 159 1116 73
179 1050 255 1129 plebi
270 1048 447 1110 necessaria:
464 1066 532 1127 ergo
549 1054 577 1108 et
592 1047 702 1109 civibus
718 1059 746 1109 et
760 1047 802 1108 rei
817 1045 947 1127 publicae
959 1045 1102 1106 salutaris.
1129 1044 1163 1106 ln
1177 1044 1240 1125 pri-

15 1132 93 1220 e'itap
107 1134 173 1259 'p
180 1135 236 1195 mis
252 1142 349 1196 autem
366 1134 520 1195 videndum
536 1133 590 1194 erit
605 1133 643 1208 ei,
662 1133 711 1213 qui
725 1151 788 1195 rem
802 1131 949 1211 publicam
966 1129 1194 1205 administrabit,
1197 1139 1256 1229 pp
1312 1137 1318 1143 '

49 1224 97 1321 „sl
112 1280 137 1310 l
180 1240 268 1282 suum
288 1220 412 1300 quisque
432 1226 528 1280 teneat
547 1236 642 1299 neque
661 1219 804 1279 debonis
824 1217 1004 1298 privatorum
1019 1216 1133 1296 publice
1147 1216 1240 1277 dentr-

46 1304 72 1385 ‘i
89 1273 121 1353 s·
180 1305 263 1367 nutio
284 1306 341 1366 fiat.
372 1304 540 1366 Perniciose
559 1305 637 1365 enim
652 1303 806 1384 Philippus
827 1303 858 1364 in
878 1302 1041 1377 tribunatu,
1060 1320 1127 1363 cum
1146 1301 1240 1381 legem

77 1366 113 1445 51?
130 1394 139 1425 ·¹
180 1390 321 1471 agrariam
341 1392 441 1464 ferret,
463 1408 552 1470 quarn
571 1398 670 1451 tamen
684 1388 826 1469 antiquari
840 1388 921 1449 facile
937 1380 1041 1468 p'assus
1058 1396 1102 1449 est
1116 1395 1144 1448 et
1158 1387 1187 1447 in
1203 1407 1239 1448 eo

44 1452 148 1601 3]AE
170 1476 365 1545 ¹vehementer
384 1493 415 1535 se
435 1476 618 1536 moderatum
638 1475 784 1556 praebuit,
809 1475 860 1535 sed
883 1492 949 1534 cunr
969 1473 999 1534 in
1019 1474 1130 1551 agendo
1151 1473 1241 1534 multa

67 1544 74 1575 ⁹
180 1560 359 1642 populariter
373 1569 435 1622 tum
452 1561 522 1622 illud
536 1562 619 1634 male,
635 1568 711 1622 ‘non
726 1579 792 1622 esse
807 1560 837 1620 in
853 1558 964 1620 civitate
980 1560 1042 1620 duo
1053 1558 1132 1620 milia
1142 1557 1240 1620 horni-

32 1637 166 1769 &ms
180 1729 268 1777 wegcn
294 1713 338 1763 des
360 1713 490 1764 sclr'eirlern
511 1713 683 1776 Gegensatzes
734 1713 818 1777 jedeur
835 1713 859 1762 in
872 1711 1066 1762 llomlebenden
1079 1694 1241 1775 Biirgermo·

42 1794 97 1845 ee

143 1782 253 1871 psuod
261 1781 377 1846 eirrguloa
387 1783 437 1831 und
447 1782 510 1831 wird
520 1782 596 1831 durch
607 1798 683 1847 quae-

181 1846 684 1918 qoeadrempublicompcrtz'ucoterliiu·

181 1926 240 1968 tert.
542 1961 544 1967 .

123 2048 126 2055 .
214 1986 312 2036 Eorum
323 1989 409 2036 autem
423 1985 497 2034 niirul.
511 1999 573 2050 quac
587 1984 683 2034 adrem

180 2055 303 2121 publicam
315 2054 449 2119 portinent.
466 2059 498 2104 ot
508 2053 683 2105 adnotemus

180 2127 246 2173 circo
248 2124 394 2190 pertineant
402 2121 501 2171 iniissen
507 2122 555 2172 wir
565 2122 684 2171 iibersez-

181 2207 234 2255 zon,
246 2191 305 2240 ‘sich
315 2190 430 2255 lediglich
440 2188 485 2239 aul
493 2191 532 2239 die
543 2189 683 2241 Gesarnrnt-

180 2256 684 2323 ueitbeziehen’,·stngotoeutattingant,

181 2327 229 2377 ‘die
239 2327 376 2376 llinzeluen
385 2325 539 2376 mittreffen’.
553 2326 600 2376 llin
611 2328 685 2376 derze-

174 2397 267 2462 ficium
278 2394 314 2445 ad
322 2410 378 2445 rem
387 2395 517 2462 publicam
525 2399 591 2463 pert.
601 2395 636 2444 ist
644 2393 685 2444 fur

181 2464 228 2513 deu
249 2462 342 2514 Romen
361 2463 401 2512 die
423 2462 592 2514 Uebernalirne
610 2463 684 2526 jedes

182 2531 360 2594 StaatsaruteS,
386 2531 417 2580 da
438 2546 465 2581 es
487 2531 541 2581 eine
563 2530 685 2594 Leistung

183 2601 245 2651 ohne
278 2599 482 2663 Entsclr'titligung
515 2600 557 2649 ist.
598 2598 684 2648 Hierin

174 2667 248 2717 ltnnn
269 2668 381 2731 zuglcieh
404 2668 459 2716 eine
480 2669 527 2717 den
545 2666 685 2717 Einzelnen

181 2736 348 2784 mittreffende
362 2734 494 2784 Wohltlrat
505 2736 597 2798 liegen,
611 2750 685 2784 wenn

183 2820 205 2851 z.
220 2804 246 2851 B.
259 2804 305 2852 der
313 2803 437 2852 Feldlrerr
445 2803 520 2852 durch
530 2804 569 2852 die
579 2801 684 2866 liriegs-

159 2928 162 2935 Ι
183 2870 257 2920 heute
276 2871 323 2919 den
341 2870 687 2941 llinzclneulllrleiohterung

182 2939 228 2988 der
237 2938 404 2988 Stautslasten
415 2939 556 3002 verschallt
570 2939 632 2988 oder
640 2939 686 2988 der

180 3006 289 3057 Praetor
299 3007 363 3056 beiru
372 3005 574 3072 Rechtsprechen
586 3007 631 3056 aul
638 3008 684 3057 den

180 3075 318 3125 Einzeluen
336 3075 421 3138 billigc
439 3073 575 3125 Riicksicht
591 3075 684 3125 nimnrt.

181 3143 232 3193 Cic.
251 3145 345 3210 sprioht
358 3158 405 3193 nur
416 3160 465 3193 von
478 3145 571 3207 denen,
588 3144 684 3193 welche

181 3213 221 3260 die
231 3211 311 3275 Sorge
323 3210 366 3261 fur
377 3213 415 3260 die
427 3210 618 3275 Allgemeiuhcit
626 3227 686 3261 ver-

182 3280 298 3342 siiumen,
328 3280 410 3328 ludent
432 3281 468 3329 sie
490 3281 685 3330 eutwedcr'aus

181 3347 309 3397 Hubsucht
320 3348 372 3395 sich
385 3362 424 3396 arn
438 3348 525 3397 Stante
540 3348 686 3398 bercichern

183 3417 215 3479 (o.
228 3413 270 3475 22)
289 3416 350 3464 oder
368 3415 443 3464 durch
465 3415 569 3466 liberale
586 3415 685 3466 Acher-
709 3411 715 3417 ’

95 3498 100 3509 s
142 3490 146 3493 '
181 3485 230 3534 und
248 3483 444 3546 Schuldgceetze
467 3485 496 3546 (c.
514 3483 559 3549 23,
581 3483 623 3547 2¹4)
645 3485 685 3537 die

157 3563 160 3566 ’
183 3552 264 3602 Gunst
281 3551 474 3601 derllinzelnen
490 3553 621 3602 erstreben
635 3552 686 3601 und

182 3621 226 3669 das
241 3618 317 3670 Wohl
329 3620 373 3669 des
385 3619 486 3670 Ganzen
500 3620 685 3670 veruaehl'aissi·

182 3703 323 3823 popm:
335 3755 434 3820 Madvig
446 3755 471 3822 ξ.
482 3755 540 3820 284,
553 3757 577 3805 4.

214 3826 337 3902 uinoque,
348 3824 392 3872 ui.
403 3823 684 3891 utriquebenelioiorunr

182 3906 371 4009 gericinam
395 3958 432 4009 Er
452 3959 604 4026 bestimmte,
626 3959 684 4009 dass

738 1782 829 1832 natlloh
839 1781 879 1831 oin
888 1780 1043 1829 bestimmtcs
1054 1779 1178 1844 Quantum
1191 1778 1242 1831 Ge-

738 1851 831 1914 troiae,
849 1850 894 1899 dor
906 1846 1005 1898 Medius
1023 1863 1055 1897 zu
1067 1848 1117 1910 6¹l³
1131 1848 1174 1912 As,
1188 1849 1211 1898 d.
1224 1848 1241 1898 i.

737 1918 810 1968 kaurn
828 1917 867 1967 die
878 1915 964 1966 lliillte
976 1917 1024 1966 des
1039 1914 1243 1966 Duroltsclrnitts-

737 1987 842 2052 praises,
855 1984 998 2048 verablolgt
1007 1985 1107 2035 werden
1119 1985 1202 2035 sollte.
1214 1983 1240 2034 S.

738 2053 875 2105 Mommsen
896 2052 917 2103 ll
940 2070 964 2118 p.
983 2052 1024 2103 99.
1056 2051 1125 2103 Nacli
1148 2053 1241 2103 scirem

736 2123 830 2179 Sturze
842 2129 925 2185 wagte
938 2122 984 2171 der
993 2120 1071 2172 Senot
1082 2121 1136 2172 dies
1148 2120 1241 2172 Gesetz

739 2192 892 2254 wenigstens
912 2189 981 2238 nieht
996 2204 1060 2253 ganz
1078 2189 1241 2253 aut'zulieben‚

738 2258 799 2308 aber
819 2259 867 2308 wie
888 2258 949 2307 weit
965 2258 1015 2306 und
1033 2273 1106 2307 wann
1124 2273 1151 2307 es
1165 2258 1241 2307 durch

738 2329 783 2377 das
796 2326 890 2377 Gesetz
904 2325 949 2375 des
962 2324 995 2375 Μ.
1010 2325 1130 2377 Octavius
1143 2325 1241 2375 modifi-
1289 2322 1293 2327 ’

738 2395 787 2446 cirt
799 2395 839 2461 ist,
850 2395 917 2444 liisst
926 2394 977 2444 sich
987 2394 1055 2444 nicht
1064 2407 1149 2456 sagon.
1171 2394 1241 2443 Brut.

738 2463 779 2526 62,
792 2462 843 2513 222
856 2463 891 2515 Μ.
904 2461 1034 2514 Octavium
1045 2459 1185 2527 Coptoum,
1199 2463 1244 2526 pari

738 2535 841 2583 tantum
858 2532 1011 2582 auctorttote
1028 2528 1181 2595 dicendoque
1196 2545 1242 2580 aa·
1311 2526 1318 2535 ‘

737 2600 793 2663 tort,
804 2603 834 2650 ut
845 2599 927 2665 legem
935 2595 1114 2666 Semproniam
1119 2598 1241 2663 frumen·

739 2671 833 2719 tarium
847 2668 1090 2736 populisrepoeotis
1101 2667 1241 2732 suffragiis

739 2737 911 2801 abrogaverit.

774 2802 815 2853 73.
843 2804 987 2870 Philippus:
1012 2802 1029 2866 1,
1051 2800 1092 2865 30,
1115 2800 1172 2850 108.
1197 2801 1242 2851 Ars

740 2871 833 2921 Tribun
850 2872 906 2920 und
918 2868 1010 2919 Consul
1027 2869 1066 2932 (de
1081 2884 1117 2917 or.
1129 2866 1149 2931 l,
1163 2867 1185 2932 7,
1198 2867 1241 2931 24)

740 2940 812 2990 stand
822 2954 851 2988 er
860 2935 1240 3002 derSenatsparteigegeniiher,

740 3007 836 3058 sehloss
851 3007 902 3056 sich
914 3004 976 3055 aber
988 3006 1075 3071 spdter
1085 3019 1117 3055 an
1130 3004 1170 3068 dic
1182 3004 1242 3055 Sul·

738 3077 861 3125 lanerau.

773 3141 1242 3210 Perniciose—Philippus:egimus

739 3213 787 3262 u'ir
804 3227 851 3262 uns
869 3212 901 3261 im
913 3210 1048 3262 Gedunken
1062 3209 1195 3273 engilmon,
1208 3209 1244 3258 ist

740 3281 807 3330 nicht
816 3281 893 3330 durch
903 3277 1169 3345 llllipsenusgelallen
1182 3292 1242 3326 son-

738 3350 799 3400 dern
810 3351 954 3416 perniciore
962 3376 996 3384 -
1005 3346 1136 3414 Phlippos
1148 3345 1187 3395 die
1200 3360 1243 3394 er-

740 3413 1242 3477 steH'alftecinesSatzes,‹lessenzweite
1271 3424 1274 3434 ⁴

739 3484 927 3534 anakeluthisch
943 3484 968 3533 in
983 3483 1031 3534 sed
1043 3485 1134 3533 cumeis
1143 3480 1243 3546 werdo

739 3552 811 3615 folgt.
831 3550 887 3615 Vgl.
898 3550 937 3614 lll,
948 3551 989 3616 26,
1000 3551 1031 3601 97
1044 3551 1105 3602 utile
1114 3549 1244 3601 addebatur

741 3619 810 3673 luto
819 3647 854 3656 —-
870 3619 917 3670 red
929 3619 1080 3670 iusinrulaot
1090 3622 1134 3669 eet.
1160 3616 1244 3670 Ueber

739 3688 787 3739 sed
798 3704 818 3738 s.
833 3705 855 3738 z.
867 3687 885 3751 l,
899 3687 940 3751 30,
955 3687 1012 3739 105.

772 3759 909 3822 mtiquam',
921 3755 972 3806 di.
983 3755 1046 3818 tolli,
1058 3753 1189 3819 eigentlich
1199 3752 1244 3802 hc-

740 3826 827 3876 deutet
844 3840 871 3874 es
895 3826 919 3873 in
941 3825 989 3874 den
1009 3823 1111 3873 lriiliern
1129 3821 1244 3873 Zuetand

740 3892 980 3944 zurtckversetzen

772 3961 944 4013 celumenter:
956 3976 977 4011 s.
991 3977 1014 4011 z.
1028 3958 1053 4026 ξ.
1066 3960 1108 4010 64.
1134 3994 1140 4001 -
