2776 4502
535 307 596 361 uro.
608 307 628 360 1.
655 308 779 362 corn.
794 308 833 360 re.
1016 286 1018 297 ’
1171 311 1212 372 57

150 462 200 535 sit,
225 461 427 542 propinquum
453 462 554 542 potius
574 471 604 523 et
630 463 757 524 amicum
776 480 865 541 quam
889 462 1017 524 vicinum
1038 462 1212 526 defenderis.

148 545 226 608 llaec
240 547 328 626 igitur
343 555 372 608 et
385 547 452 608 talia
467 546 729 627 circumspicienda
743 554 815 608 sunt
828 547 860 607 in
879 548 962 608 omni
976 547 1074 609 officio
1094 557 1123 609 et
1138 566 1211 610 con-

149 633 275 693 suetudo
287 632 511 711 exercitatioque
523 633 673 711 capienda,
689 640 722 692 ut
731 631 802 693 boni
813 630 1034 693 ratiocinatores
1046 632 1211 694 officiorum

147 734 214 778 esse
225 717 378 796 possimus
393 725 423 777 et
433 716 566 778 addendo
579 716 808 795 deducendoque
818 716 916 777 videre
927 717 1209 801 quperpliquisum-
1341 717 1344 723 '
1373 738 1374 741 ¹

146 820 196 862 ma
211 802 269 862 liat.
299 802 342 862 [lx
356 819 415 880 quo
431 809 572 880 quantum
587 801 692 882 cuique
703 802 841 863 debeatur
853 801 1013 881 intellegas.
1039 802 1097 863 Sed
1110 812 1142 862 ut
1153 819 1209 862 nec
1229 815 1262 866 cc

147 885 254 946 medici
273 903 330 946 nec
349 885 541 965 imeratores
561 905 616 948 nec
635 895 782 959 oratores,
808 886 940 965 quamvis
964 887 1034 947 artis
1054 895 1210 966 praecepta

52 1008 59 1013 -
146 971 345 1049 perceperint,
369 971 523 1050 quicquam
542 989 647 1051 magna
666 972 751 1032 laude
767 971 887 1050 dignum
904 971 968 1032 sine
982 989 1040 1032 usu
1055 979 1084 1032 et
1098 972 1209 1032 exerci-

147 1054 257 1116 tatione
271 1056 412 1135 consequi
427 1066 569 1134 possunt,
590 1056 632 1117 sic
652 1056 741 1117 officii
761 1056 954 1118 conservandi
972 1064 1127 1135 praecepta
1147 1063 1209 1117 tra·

146 1140 256 1201 duntur
269 1139 317 1201 illa
331 1141 459 1220 quidem,
474 1145 509 1203 ut
516 1141 639 1203 facimus
650 1141 718 1220 ipsi,
733 1142 785 1203 sed
796 1141 839 1202 rei
849 1140 1020 1220 magnitudo
1032 1159 1120 1202 usum
1132 1158 1209 1220 quo·

145 1242 202 1304 que
217 1225 510 1305 exercitationemque
524 1226 680 1288 desiderat.
710 1227 804 1306 Atque
818 1227 855 1286 ab
874 1226 910 1288 iis
929 1225 1032 1300 rebus,
1052 1234 1210 1305 quaesunt

144 1310 175 1370 iu
189 1310 253 1371 iure
267 1310 415 1372 societatis
430 1310 589 1385 humanae,
611 1330 698 1390 quern
713 1312 748 1371 ad
764 1311 887 1371 modum
902 1312 1025 1373 ducatur
1038 1311 1208 1383 honestum,

144 1413 180 1455 ex
195 1413 254 1474 quo
269 1402 371 1474 aptum
386 1402 432 1456 est
447 1396 587 1469 officium,
603 1395 673 1457 satis
690 1397 749 1457 fere
763 1393 900 1456 diximus.
1134 1458 1135 1463 ,

229 1479 456 1557 Intellegendum
470 1488 566 1541 autem
582 1490 640 1553 est,
661 1499 729 1541 cum
748 1480 902 1559 proposita
921 1480 980 1541 sint
998 1496 1105 1558 genera
1120 1488 1205 1558 qnat-
1226 1494 1257 1545 61

145 1570 228 1636 tuor,
248 1563 386 1643 equibus
402 1564 542 1625 honestas
563 1564 750 1644 officiumque
771 1572 916 1639 manaret,
938 1565 1207 1643 splendidissimum

144 1647 237 1708 videri
253 1649 334 1727 quod
354 1648 472 1709 animo
493 1666 621 1727 magno
643 1650 808 1728 elatoque
827 1650 1030 1729 humanasque
1043 1667 1091 1710 res
1107 1649 1207 1729 despi-

143 1732 237 1792 ciente
255 1735 363 1793 lactum
379 1732 426 1793 sit.
455 1733 557 1812 ltaque
575 1734 606 1794 in
620 1733 739 1812 probris
754 1733 880 1794 maxime
895 1733 926 1792 in
940 1741 1083 1813 promptu
1102 1741 1160 1807 est,
1182 1733 1207 1793 si

142 1817 212 1896 qnid
227 1817 282 1878 tale
297 1817 353 1878 dici
368 1825 481 1896 potest:

232 1916 286 1979 Vde
305 1922 398 1989 enlm,
418 1922 549 1991 iuvenes,
570 1922 701 1981 dolatum
720 1922 820 2000 peritis
837 1919 1023 1991 muliebrem,
1048 1918 1103 1980 illo
1121 1921 1205 1998 or'rpd

1002 2007 1065 2065 '’l'‘
1095 2012 1241 2115 ttae
1258 2037 1348 2114 rct-

143 2087 213 2148 etsi
228 2088 298 2167 quid
313 2088 375 2148 eins
391 2087 487 2148 modi:

225 2189 394 2252 Solmdcidc
408 2190 503 2271 spolio
518 2195 578 2252 stne
594 2192 699 2253 sudore
715 2201 742 2251 et
755 2193 904 2271 sdopuine.

140 2292 305 2370 Contraque
319 2292 350 2352 in
364 2292 508 2366 laudibus,
524 2311 597 2372 quae
611 2311 717 2371 magno
733 2292 831 2354 animo
848 2292 964 2353 fortiter
974 2292 1203 2371 excellenterque

140 2383 221 2455 gesta
241 2384 323 2451 sunt,
347 2396 380 2438 ea
400 2379 500 2439 nescio
521 2397 580 2457 quo
601 2378 693 2438 modo
713 2378 796 2456 quasi
816 2377 947 2456 pleniore
967 2396 1019 2438 ore
1038 2376 1202 2438 laudamus.

139 2461 214 2522 Hinc
228 2462 381 2522 rhetorum
397 2481 516 2542 campus
532 2462 569 2523 de
583 2462 766 2536 Marathone,
781 2460 941 2533 Salamine,
956 2461 1094 2533 Plataeis,
1110 2461 1203 2531 Ther·

138 2546 277 2624 mopylis,
292 2545 438 2619 Leuctris,
452 2546 522 2607 hinc
536 2554 639 2607 noster
653 2545 767 2618 Cocles,
782 2545 852 2606 hinc
865 2545 959 2617 Decii,
974 2545 1044 2605 hino
1059 2545 1110 2605 Cu.
1127 2552 1155 2605 et
1169 2546 1203 2606 P.

140 2629 304 2709 Scipiones,
318 2628 388 2690 hinc
401 2629 438 2690 M.
451 2630 612 2704 Marcellus,
628 2628 854 2691 innumerabiles
869 2629 925 2701 alii,
942 2628 1125 2708 maximeque
1138 2629 1204 2710 ipse

172 2803 199 2849 et
217 2798 372 2850 comuehedc
385 2800 583 2864 mactatisque
602 2812 645 2849 ca·
733 2798 762 2851 V
762 2815 790 2851 cr
802 2801 926 2849 moneor.
943 2797 1084 2848 Lachmann
1094 2813 1116 2848 z.
1126 2797 1201 2848 Locr.

154 2865 326 2917 iendadeutct
334 2867 379 2916 das
388 2866 421 2916 im
430 2865 531 2946 Voraus
539 2881 580 2931 an,
590 2881 644 2946 raas
698 2863 740 2930 lV,
752 2865 1203 2947 211recreaverparstroonatsohen

137 2932 643 3052 Mettstlltttttttl¹ltttl
697 2931 1204 3068 .....⁰t;tt“t¹.¹t.t¹lt¹l;ltbtl

137 3069 286 3134 Uebergaug
306 3086 338 3120 zu
358 3078 437 3120 etwas
455 3085 519 3133 ganz
536 3069 641 3133 Neuem,
696 3069 880 3132 Dramatihern,
913 3069 978 3118 kurz
1000 3068 1139 3132 gebraucht
1160 3068 1203 3118 ist.

138 3138 247 3188 scudem
260 3144 328 3188 setzt
345 3153 394 3188 rur
410 3138 451 3187 die
470 3138 562 3188 zweice
573 3137 641 3189 Vor-
696 3137 808 3201 Dichter,
830 3136 909 3186 Stiiclr
929 3137 980 3185 oud
999 3132 1142 3198 Beziehuuss
1157 3136 1202 3186 des

138 3204 228 3256 schrift
253 3206 308 3256 dero
332 3222 367 3256 ec
386 3220 435 3271 qao
455 3232 490 3243 —
508 3205 642 3271 mteltcgus
695 3204 793 3257 Varscs
805 3204 861 3253 sind
872 3203 1024 3254 unbekannt.

138 3280 270 3336 cntgegen.
730 3269 882 3322 Salmacrda.
911 3271 1032 3322 Salmacis
1057 3270 1125 3320 hiess
1146 3271 1202 3321 eine

173 3343 382 3391 eoemdtatr‘oncm
404 3356 496 3408 capere
517 3342 565 3390 wie
587 3344 643 3391 met·
697 3338 918 3405 QueMellariens,
940 3341 1017 3390 deren
1037 3337 1146 3390 wasser
1162 3338 1203 3389 die

137 3423 217 3471 mum,
229 3408 435 3459 mirericordiam
446 3404 544 3476 capere.
697 3407 832 3458 Menschen
846 3407 1065 3469 verweichlichte;
1084 3406 1130 3456 Ov.
1142 3413 1201 3456 met.

172 3475 213 3527 dd.
232 3477 540 3542 praesentationem.
557 3476 643 3541 b.,die
697 3475 739 3540 lV,
760 3475 811 3526 288
832 3475 857 3525 ff.
896 3475 1049 3526 Salmacides
1071 3473 1106 3524 ist
1125 3474 1204 3522 daher

136 3543 642 3596 Rechtsverhiiltuissedermenschlichen
698 3542 879 3609 Schimplname
898 3543 941 3593 l'tir
958 3544 1031 3593 einen
1047 3540 1202 3604 Weichling.

138 3610 315 3663 Gcsellschalt.
695 3611 766 3664 Nach
783 3611 854 3661 Fest.
867 3627 891 3676 p.
905 3610 953 3661 202
970 3611 1006 3661 ist
1021 3610 1067 3658 der
1078 3607 1145 3660 Vers
1156 3621 1203 3658 ans

172 3679 213 3731 61.
237 3684 322 3731 memo
336 3694 440 3745 magno.
469 3678 563 3729 Zuerst
578 3678 643 3729 wird
696 3679 800 3729 Ennius.

139 3763 189 3798 von
200 3749 254 3798 dem
262 3749 364 3798 wahren
375 3745 408 3812 (ᾖ.
418 3745 460 3812 61)
470 3748 520 3797 und
530 3747 643 3797 lclschec
732 3745 776 3797 the.
788 3751 814 3797 et
822 3746 852 3796 P.
861 3743 999 3813 Scipiones,
1009 3745 1055 3794 der
1063 3743 1144 3796 Vater
1152 3743 1202 3794 oud

137 3814 257 3880 (Sd-65)
279 3815 402 3866 llocbsinn
421 3815 454 3865 im
469 3815 642 3880 Aligemeinen
698 3814 787 3865 0heim
807 3815 852 3864 des
873 3812 971 3863 dlteren
992 3810 1139 3875 Africanus,
1161 3811 1202 3861 dia

137 3885 301 4018 ςοερνζοὲἒιι.
313 3883 359 3933 llic
368 3884 475 3934 weltere
481 3883 644 3945 Mintheiluug
697 3882 771 4000 {eilde
791 3882 816 3932 in
826 3880 1050 4013 1815ιῖιὲἰῖὣῖςῖμῆ
1062 3877 1203 3999 {iffi

137 3967 233 4003 sa..
279 3989 286 4004 .
417 3998 422 4009 Χ
717 3964 850 4007 renim.
995 3986 1001 3996 .
1049 3985 1055 3997 .
