2772 4504
178 339 237 400 154
604 336 647 387 DE
666 336 802 388 odricus

122 504 153 556 87
174 490 330 574 pertinent.
360 489 419 551 Res
435 497 532 550 autem
548 489 694 551 familiaris
709 490 808 571 quaeri
823 490 906 553 debet
920 480 962 551 iis
972 489 1075 566 rebus,
1094 489 1232 572 aquibus

174 577 257 638 abest
266 575 425 656 turpitudo,
437 576 603 637 conservari
614 583 710 636 autem
723 574 868 656 diligentia
879 585 908 637 et
918 576 1108 657 parcimonia,
1122 577 1232 637 eisdem

174 663 260 724 etiam
272 662 360 737 rehus
373 661 477 740 augeri.
501 660 564 738 Has
575 680 623 724 res
635 661 874 723 commodissime
885 661 1053 745 Xenophon
1065 661 1232 724 Socraticus

144 754 149 811 1
173 738 346 828 persecutus
362 756 407 835 est
421 747 452 807 in
467 766 502 808 eo
517 747 608 821 lihro,
625 748 675 828 qui
690 746 929 831 ‘Oeconomicus'
945 746 1128 819 inscribitur,
1145 766 1233 831 quem

174 834 246 908 nos,
265 834 320 894 ista
340 835 399 894 fere
419 836 512 893 aetate
532 852 598 894 cum
619 851 754 894 essemus
769 852 825 912 qua
840 836 919 893 estu
934 836 1026 907 nunc,
1046 826 1187 893 eGra'eco
1203 833 1233 893 in

143 950 145 959 ι
173 919 309 997 Latinum
330 919 536 980 convertimus.
559 916 573 945 *
595 918 652 980 Sed
668 926 730 979 toto
746 912 988 997 hoesdegenere,
1008 918 1043 993 de
1059 914 1232 998 quaerenda,

174 1004 210 1064 de
222 1003 387 1066 collocanda
399 1002 533 1084 pecunia,
549 1003 650 1064 vellem
662 1004 748 1064 etiam
761 1004 796 1065 de
807 994 923 1076 utenda,
939 1002 1125 1064 commodius
1137 1022 1153 1063 a
1165 1002 1232 1082 qui-

173 1089 296 1151 busdam
311 1088 431 1169 optimis
443 1088 511 1149 viris
525 1089 560 1149 ad
571 1088 674 1153 lanum
693 1087 821 1149 medium
840 1075 1008 1150 sedentibus
1020 1107 1108 1171 quam
1120 1088 1155 1149 ab
1167 1088 1232 1164 uilis

141 1218 143 1231 .
173 1173 424 1261 philosophisulla
435 1173 464 1233 in
476 1173 574 1248 schola
585 1168 758 1253 disputatur.
775 1172 1001 1234 Sunttamenea
1012 1159 1232 1257 cogdosc‘enda:

141 1242 147 1289 ³
173 1259 320 1339 pertinent
334 1258 412 1319 enim
428 1258 464 1320 ad
478 1258 644 1329 utilitatem,
665 1259 700 1319 de
716 1278 773 1338 qua
788 1259 846 1320 hoc
859 1258 934 1320 libro
951 1252 1132 1338 disputatum
1142 1256 1231 1341 *est*

114 1346 156 1405 25
260 1343 317 1405 Sed
333 1344 486 1405 utilitatum
502 1344 692 1424 comparatio,
709 1342 847 1424 quoniam
863 1343 911 1404 hic
924 1344 1008 1405 locus
1023 1353 1085 1404 erat
1100 1351 1231 1424 quartus

120 1438 152 1489 88
173 1449 189 1490 a
204 1429 344 1490 Panaetio
357 1426 595 1508 praetermissus,
611 1447 697 1517 saepe
713 1438 758 1490 est
771 1418 943 1490 necessaria.
970 1428 1043 1507 Nam
1056 1436 1084 1490 et
1094 1420 1232 1509 corporis

22 1504 119 1616 pff„
174 1513 329 1575 commoda
346 1533 412 1574 cum
429 1513 554 1605 externis
570 1521 599 1574 et
618 1521 737 1597 externa
752 1531 817 1575 oum
840 1513 974 1594 corporis
989 1522 1017 1574 et
1022 1506 1095 1660 pp's'a
1110 1514 1185 1575 inter
1200 1534 1232 1575 se
1259 1575 1265 1585 ,

58 1622 124 1702 ‘40
174 1599 307 1680 corporis
323 1604 351 1660 et
362 1607 480 1660 externa
492 1610 560 1660 oum
574 1594 701 1660 externis
713 1598 878 1678 comparari
890 1595 994 1661 sole'nt.
1044 1617 1093 1660 um
1106 1596 1232 1661 extemis

173 1819 387 1882 sundhcitudthig
397 1820 486 1885 mucht,
499 1820 545 1870 der
556 1819 674 1884 Vergnii·

174 1887 363 1953 genlentholteu
375 1887 433 1955 soil.

208 1956 248 2005 87.
267 1960 323 2031 ahta
334 1955 399 2021 sare
410 1959 508 2006 aetate.-
525 1956 557 2005 im
570 1955 611 2006 21.
624 1955 673 2006 Le·

168 2022 317 2088 hensjahre.

206 2089 261 2142 Sed
271 2093 324 2142 toto
336 2090 383 2141 hoc
395 2091 427 2142 de
436 2100 576 2157 genere-
587 2091 675 2160 dispu-

174 2164 257 2211 totum
268 2164 314 2210 est.
338 2158 439 2210 diesem
451 2160 511 2210 Sutz
528 2161 571 2210 hut
588 2167 675 2211 zuerst

173 2228 258 2291 Unger
273 2228 319 2278 mit
330 2226 410 2278 flecht
426 2228 481 2277 hier
498 2229 585 2278 seiueu
602 2227 673 2279 Platz

173 2296 346 2360 uugcwiesen,
375 2296 495 2345 wiihrend
519 2310 548 2346 er
571 2296 596 2345 in
626 2297 673 2346 den

173 2363 247 2413 Hdss.
260 2379 300 2414 am
312 2363 382 2414 Ende
395 2364 440 2414 des
452 2364 532 2414 Buchs
549 2380 597 2413 vor
606 2362 675 2414 nau-

173 2449 224 2498 qua
247 2432 363 2500 deinceps
404 2447 569 2498 oraequumur
598 2433 673 2482 steht.

172 2500 225 2550 Der
237 2499 297 2550 Sutz
309 2447 410 2550 urnach
423 2516 471 2550 von
484 2501 540 2550 dem
552 2498 684 2568 Erwerbe

173 2569 217 2619 des
228 2568 321 2619 Geldes
331 2583 362 2618 au
372 2568 431 2633 sich,
441 2568 532 2632 gehtir't
541 2569 595 2618 also
606 2567 673 2619 hier-

172 2638 229 2701 her‚
250 2651 281 2685 an
296 2636 373 2699 jener
385 2636 465 2686 Stolle
484 2644 554 2702 passt
567 2652 596 2686 er
607 2636 674 2686 nicht

172 2705 197 2753 iu
220 2705 267 2754 deu
284 2702 499 2768 Zusnmmenhang
521 2705 569 2754 und
586 2702 673 2754 wiir'dc

172 2772 264 2835 selbot,
281 2772 368 2822 welhe
384 2787 439 2822 man
455 2776 564 2841 pecunia
575 2773 599 2824 in
611 2772 673 2822 wei-

171 2846 253 2889 terem
265 2838 342 2888 Sinue
354 2838 452 2903 sussen,
470 2841 524 2890 dem
535 2843 673 2905 vorherge-

172 2907 269 2957 houden
291 2911 360 2958 recte
380 2908 426 2958 hoo
447 2907 596 2960 adiunctum
617 2924 674 2959 ease

172 2979 293 3042 quartem
302 2975 563 3041 catwidersprechen.
577 2976 673 3028 Ueber-

172 3044 226 3094 dies
260 3044 399 3094 schliesseu
430 3043 481 3094 sich
511 3043 551 3093 die
580 3043 672 3095 Worte

171 3111 328 3164 commodius
345 3129 420 3179 quom
436 3114 467 3163 ed
488 3112 547 3162 alhs
560 3112 674 3181 philoso-

168 3182 228 3249 phc'r
239 3180 291 3231 ulla
302 3184 328 3233 in
341 3181 428 3231 schola
439 3181 480 3231 dis
498 3184 589 3232 utatur
598 3182 674 3231 ehen-

172 3265 200 3298 so
219 3263 299 3313 genau
318 3263 349 3297 an
374 3197 578 3300 commodissime
589 3248 674 3301 Xeno·

170 3318 238 3386 plion
246 3315 392 3369 Socraticus
401 3332 442 3380 an,
452 3318 501 3367 wie
510 3317 673 3368 amSohlusse

171 3386 216 3435 des
229 3384 325 3435 Buchcs
337 3384 445 3451 Reliqua
457 3385 572 3453 deehceps
582 3401 672 3457 peree-

170 3469 278 3521 quemur
301 3468 331 3502 an
362 3453 409 3504 hoe
437 3453 588 3505 adiunctum
617 3470 673 3504 ease

171 3526 290 3588 picarium
305 3549 340 3558 —
352 3538 446 3589 genus.
470 3522 522 3572 Der
537 3520 673 3572 Abschrei·

171 3592 216 3640 ber
224 3592 292 3641 hatte
302 3606 350 3640 von
361 3590 441 3640 einem
453 3590 500 3641 aed
510 3605 566 3640 zum
579 3591 672 3640 andern

170 3658 287 3708 ahirrend
317 3659 356 3707 die
379 3657 472 3710 Worte
501 3658 671 3723 ausgelassen,

171 3726 210 3775 die
227 3727 338 3776 dannan
357 3723 465 3777 tarsensi
482 3726 562 3777 Stella
579 3727 674 3777 wieder

171 3792 425 3857 eingdiiigt‘wurdcn.

204 3865 395 3979 dimid
421 3861 576 3981 {fanu
623 3931 675 3981 nu

62 4050 68 4060 ⁴
171 3992 284 4045 Wunsch
297 3996 342 4046 mit
353 3996 445 4066 oedem,
457 3999 514 4049 dass
523 3998 584 4063 jone
594 3998 674 4050 Leute
702 3998 704 4003 ’

728 1820 791 1869 auch
811 1820 874 1871 iiber
894 1820 942 1871 den
955 1818 1087 1870 Gebrauch
1107 1819 1146 1871 die
1160 1819 1232 1875 treff-

728 1889 837 1941 liohsten
842 1886 1017 1943 Vorschrihen
1029 1887 1233 1954 gebenkiinutcn,

728 1955 819 2005 driickt
839 1955 952 2021 rugieich
974 1971 1032 2021 aus,
1065 1956 1124 2005 dass
1146 1955 1182 2005 sie
1204 1971 1232 2006 es

728 2023 795 2074 nicht
806 2023 914 2077 kiinucn.

763 2090 855 2143 laeum
874 2091 1000 2156 modium,
1022 2091 1069 2142 den
1090 2091 1230 2142 mittelsten

727 2160 773 2209 der
785 2160 839 2210 drei
852 2159 1016 2223 Burehgiinge
1026 2175 1083 2211 zum
1094 2159 1194 2226 Forum,
1207 2159 1232 2209 in

728 2228 783 2278 dem
800 2228 840 2278 dic
853 2227 989 2277 Weehsler
1006 2228 1059 2278 ihre
1076 2228 1159 2278 Buden
1177 2229 1233 2278 hat·

727 2302 779 2345 ten.
804 2295 830 2346 S.
843 2295 967 2345 Heindorf
982 2311 1015 2345 zu
1026 2295 1087 2361 1191
1100 2302 1146 2346 eat.
1160 2294 1194 2360 ll,
1208 2295 1232 2360 3,

730 2361 760 2412 18
773 2363 915 2429 Postquam
927 2366 1010 2414 oannis
1021 2379 1064 2414 res
1072 2379 1129 2413 mea
1154 2379 1234 2414 aarum

727 2429 772 2481 Ad
779 2431 991 2498 mediumfractu
1000 2436 1045 2496 est,
1061 2430 1233 2496 alienarego-

728 2501 764 2549 tio
776 2515 846 2551 curo.
870 2500 908 2559 id
915 2497 1068 2566 epdsshd
1081 2497 1233 2564 ‘quaerenda
1335 2506 1337 2511 '

724 2571 833 2637 pecuaria
849 2570 966 2657 perimam
982 2571 1034 2632 eat,
1058 2567 1153 2620 Virtus
1171 2572 1234 2636 post

725 2651 865 2700 nummos,
892 2637 954 2686 hoec
972 2635 1051 2687 lanus
1067 2651 1182 2687 summus
1198 2635 1235 2685 ad

726 2706 808 2755 imum
818 2704 953 2756 Perdoeet.

761 2763 814 2822 25.
828 2771 868 2823 88.
887 2778 914 2823 et
924 2777 1032 2824 cataroe
1040 2787 1098 2822 eum
1107 2773 1232 2839 corporis.

728 2839 805 2891 Burin
817 2841 882 2906 liegt
891 2839 1028 2902 allerdings
1041 2838 1096 2888 eine
1109 2836 1232 2887 Tantulo·

727 2909 766 2973 gie
779 2909 823 2958 mit
835 2907 891 2958 dem
903 2907 1125 2971 vorhergehenden
1137 2922 1232 2974 corpo-

726 2975 901 3029 n'ecommodo
910 2979 1047 3039 coeterae,
1059 2973 1156 3033 dieCic.
1165 2975 1233 3025 nicht

727 3046 846 3109 gescheut
855 3045 905 3107 hut,
923 3058 963 3093 um
973 3043 1037 3093 zwei
1047 3042 1170 3109 Beispielc
1181 3044 1234 3093 ein·

727 3111 1232 3181 zui'dhren,cineuwodieoorporiedona,

728 3181 893 3247 einanderes,
903 3180 989 3233 wodie
1000 3180 1161 3249 eptomadcn
1168 3179 1232 3230 Vor-

727 3247 1023 3313 zugerhalten.DasBeis
1041 3247 1233 3307 ielseibstdiaur

727 3333 784 3368 ease
790 3321 879 3386 potius
886 3318 944 3383 tea,
957 3318 1015 3367 dass
1023 3265 1168 3368 heiehthum
1178 3318 1232 3367 ath·

727 3382 1056 3454 letischenlidrperkriistcn
1066 3385 1232 3436 vorzuzieheu

728 3454 777 3518 sei,
796 3454 839 3504 hat
851 3455 933 3506 nichts
945 3454 1116 3519 hnstiissiges.
1144 3452 1182 3503 Zu
1194 3453 1232 3504 cu-

727 3537 769 3573 ees
782 3526 940 3590 aasapoh‘us,
953 3538 1022 3574 muse
1030 3538 1087 3572 man
1096 3536 1141 3572 uus
1149 3522 1231 3588 malis,

727 3591 776 3641 wie
789 3605 817 3640 so
831 3590 875 3654 oh,
888 3590 949 3642 coleh
962 3592 1097 3655 ergiiuzen.
1119 3590 1171 3647 ,Mit
1182 3589 1233 3642 Uu-

727 3659 799 3709 recht
819 3659 862 3709 hot
875 3674 932 3709 man
952 3660 1030 3727 daher
1046 3659 1085 3709 dia
1099 3656 1190 3709 Worte
1207 3662 1234 3707 et

728 3731 781 3778 eet.
799 3743 820 3778 e.
837 3731 954 3796 corporis
975 3727 1024 3777 und
1044 3724 1188 3797 dives'eise
1197 3756 1231 3763 -

726 3796 823 3847 viribus
840 3795 964 3846 streichcn
982 3794 1083 3845 wellen.
1097 3822 1132 3832 —
1143 3794 1173 3863 ⁴lp
1187 3795 1233 3844 der

728 3863 807 3928 Regel
823 3865 931 3913 rechnen
947 3862 987 3914 dic
1000 3862 1102 3913 Stoikcr
1118 3852 1158 3929 did
1171 3862 1231 3912 khu-

728 3932 853 3998 perlichen
859 3931 976 3996 Vorziige
986 3931 1032 3982 mit
1040 3939 1115 3982 untcr
1124 3928 1164 3981 die
1174 3931 1232 3981 iius-

729 4014 804 4050 seren
818 3998 906 4051 Giiter.
