2776 4502
165 347 206 410 84
596 342 640 394 on
658 339 796 393 orrrcns

165 517 253 580 mmm
269 496 393 577 quisque
407 495 483 556 riam
497 494 611 556 vivendi
626 496 664 557 sit
682 494 987 575 ingressurus'datum
1003 501 1062 567 est,
1081 493 1178 555 exisse
1197 494 1228 556 in

166 582 354 647 solitudinem
370 588 456 661 atque
470 580 512 642 ibi
527 580 679 642 sedentem
691 580 742 642 diu
756 597 858 641 secum
870 579 1054 659 multumque
1068 579 1226 653 dubitasse,

166 688 234 730 cum
251 668 324 729 duas
341 675 472 727 cerneret
486 666 556 740 vias,
573 684 663 728 unam
673 666 845 745 Voluptatis,
857 665 975 727 alteram
986 664 1117 738 Virtutis,
1130 672 1227 728 utram

165 753 278 832 ingredi
293 752 398 813 melius
414 758 503 824 esset,
518 752 577 833 boc
590 751 708 812 Herculi
721 751 798 812 loris
813 758 879 812 satu
894 750 973 812 edito
988 750 1086 830 potuit
1100 751 1228 812 sonasse

166 838 343 917 contingere,
359 835 446 897 nobis
460 854 523 897 non
537 836 624 911 idem,
640 837 689 918 qui
704 837 854 898 imitamur
865 855 940 917 quos
956 834 1059 914 cuique
1074 834 1171 897 visum
1186 845 1231 921 ost

166 931 252 1003 atque
266 924 303 984 ad
318 941 422 983 eorum
435 921 531 984 studia
545 923 733 1003 institutaque
744 921 930 1001 impellimur,
944 922 1119 1001 plerumque
1133 928 1231 983 autem

165 1007 332 1088 parentium
343 1007 506 1089 praeceptis
519 1007 623 1071 imbuti
638 1009 674 1069 ad
686 1026 790 1068 eorum
804 1006 1048 1068 consuetudinem
1057 1002 1231 1086 moremque

166 1093 347 1155 deducimur.
382 1092 439 1153 Alii
459 1093 655 1155 multitudinis
679 1092 787 1153 iudicio
813 1094 948 1154 feruntur
970 1109 1101 1172 quaeque
1124 1091 1230 1152 maiori

165 1178 242 1258 parti
257 1177 452 1257 pulcherrima
461 1177 605 1253 videntur,
619 1197 652 1240 ea
663 1178 789 1239 maxime
800 1185 954 1257 exoptant:
969 1194 1032 1238 uon
1046 1177 1117 1237 nudli
1131 1183 1229 1236 tamen

166 1264 227 1324 sive
242 1262 373 1324 felicitate
388 1263 513 1342 quada'm
530 1264 591 1326 sive
606 1264 736 1325 bonitate
751 1270 872 1324 naturae
887 1263 948 1324 sive
959 1262 1125 1342 parentium
1139 1260 1229 1322 disei-

9 1386 10 1399 ι
166 1349 245 1428 plina
258 1355 368 1409 rectam
382 1348 455 1409 vitae
471 1349 562 1410 secuti
577 1356 645 1410 sunt
660 1348 745 1409 viam.
1147 1394 1151 1400 ,

9 1430 11 1505 l
102 1433 149 1502 „33
252 1434 324 1494 lllud
340 1441 437 1495 autem
451 1434 578 1495 maxime
592 1453 692 1496 rarum
708 1451 801 1512 genus
816 1439 861 1494 est
875 1451 989 1506 eorum,
1006 1432 1056 1512 qui
1071 1439 1122 1492 aut
1135 1430 1229 1491 excel·

9 1536 10 1547 ¹
99 1525 147 1578 119
165 1519 242 1579 lente
256 1517 365 1596 ingenii
379 1518 581 1597 magnitudine
596 1528 646 1580 aut
659 1519 805 1598 praeclara
813 1517 985 1579 eruditione
999 1524 1085 1596 atque
1097 1516 1230 1578 doctrina

9 1602 10 1673 ,
130 1605 216 1676 §fiunt
230 1611 354 1682 utraque
368 1621 400 1664 re
416 1603 511 1664 ornati
523 1604 650 1683 spatium
662 1604 750 1665 etiam
761 1602 939 1664 deliberandi
950 1602 1126 1675 habueruut,
1141 1619 1229 1681 quem

9 1696 10 1773 ζ
104 1687 357 1791 &firmissimum
375 1688 449 1749 ritae
468 1707 590 1750 cursum
610 1689 693 1768 sequi
713 1688 830 1762 vellent,
851 1688 882 1748 in
899 1707 956 1767 qua
972 1687 1180 1748 deliberatione
1194 1686 1231 1746 ad

9 1800 10 1813 α
168 1792 252 1836 suam
273 1773 414 1852 cuiusque
434 1782 569 1836 naturam
588 1774 743 1835 consilium
758 1781 803 1835 est
818 1791 906 1833 omne
920 1772 1126 1832 revocandum.
1156 1771 1231 1831 Nom

9 1818 10 1895 l
167 1877 233 1918 cum
249 1857 280 1917 in
295 1857 444 1930 omnibus,
460 1877 533 1937 quae
548 1867 688 1937 aguntur,
701 1877 737 1918 ex
751 1876 801 1929 eo,
817 1875 875 1935 quo
893 1857 984 1917 modo
1002 1856 1127 1934 quisque
1142 1861 1229 1914 natus

168 1950 221 2015 est,
242 1947 275 2002 ut
295 1942 515 2021 supradictum
535 1950 594 2016 est,
616 1943 686 2021 quid
707 1942 813 2002 deceat·
826 1940 1021 2020 exquirimus,
1040 1947 1105 2001 tum
1125 1939 1156 1999 in
1169 1946 1230 1999 tota

167 2028 224 2088 vita
249 2026 455 2088 constituenda
481 2027 575 2087 multo
606 2033 652 2088 est
679 2044 747 2087 cura
773 2025 869 2086 maior
894 2023 1069 2098 adhibenda,
1099 2031 1132 2085 ut
1157 2041 1231 2084 con-

136 2132 138 2135 ·
167 2118 245 2171 stare
265 2110 295 2171 in
315 2111 506 2190 perpetuitate
525 2112 600 2172 vitae
620 2111 773 2190 possimus
793 2109 942 2171 nobismet
961 2109 1035 2189 ipsis
1057 2109 1157 2171 necin
1171 2108 1230 2169 ullo

99 2205 147 2257 120
169 2194 265 2257 officio
286 2194 455 2256 claudicare.
486 2196 529 2256 Ad
549 2196 627 2258 hanc
647 2203 744 2257 autem
759 2195 904 2256 rationem
920 2194 1060 2274 quoniam
1075 2194 1231 2257 maximam

167 2281 226 2341 vim
241 2278 345 2343 natura
359 2280 458 2353 babet,
472 2281 590 2342 fortuna
604 2281 780 2360 proximam,
795 2279 951 2359 utriusque
962 2281 1085 2341 omnino
1097 2279 1232 2341 habenda

167 2366 241 2427 ratio
261 2373 307 2426 est
325 2366 356 2426 in
376 2365 530 2445 deligendo
549 2384 657 2445 genere
675 2365 761 2439 ritae,
788 2365 842 2426 sed
861 2372 983 2426 naturae
1001 2365 1110 2443 magis:
1136 2363 1230 2424 multo

167 2452 246 2512 onim
261 2459 290 2512 et
304 2451 418 2511 tirmior
433 2457 521 2512 estet
536 2451 727 2524 constantior,
738 2457 772 2510 ut
783 2452 897 2511 fortuna
909 2467 972 2510 non
982 2467 1145 2528 numquam
1156 2455 1241 2509 tam-⁴

141 2496 149 2621 l
167 2545 258 2617 quant
271 2536 336 2616 ipsa
350 2536 482 2597 mortalis
499 2554 567 2598 curn
583 2535 742 2598 immortali
752 2542 856 2596 natura
867 2534 1148 2615 pugnarevideatur.
1174 2531 1232 2606 Qui

93 2626 97 2635 ι
145 2626 149 2637 ί

144 2642 149 2651 ι

202 2704 428 2755 locmsatuedito.
456 2704 673 2756 Dieserl'eierlieh
728 2703 849 2754 scholtou.
935 2710 941 2720 ⁴

166 2773 294 2839 poetiscbe
316 2770 449 2821 ausdruck
470 2772 506 2822 ist
524 2772 674 2823 absicbtlicli
739 2771 880 2839 ωριτες.
894 2770 950 2821 110.
1040 2786 1045 2789 “
1242 2804 1244 2809 -

167 2856 217 2889 von
235 2839 286 2888 Cic.
299 2839 418 2902 gewiblt.
453 2837 479 2889 ln
496 2839 673 2903 gleic'berdb-
763 2843 823 2906 tum,
836 2839 949 2889 derdem
960 2839 1235 2904 oum-empuritano

9 2910 11 2969 l
168 2907 232 2958 sicbt
245 2908 314 2957 steht
325 2906 387 2956 Tim.
400 2922 421 2957 c.
436 2907 465 2956 11
480 2908 506 2957 in
518 2907 673 2958 derilnrede
728 2907 926 2973 entsprccbende
938 2905 1057 2956 Gedauke
1078 2904 1154 2956 isoio
1169 2905 1234 2955 zwei

9 2972 11 3011 t
168 2977 213 3025 des
225 2976 347 3024 bdcbsteu
356 2973 447 3026 Gottes
459 2989 491 3025 an
502 2975 543 3026 die
555 2975 675 3026 niodaron
729 2975 806 3026 samo
818 2974 918 3038 zerlegt
936 2975 987 3025 ond
1002 2973 1067 3037 iolgt
1083 2973 1129 3023 der
1140 2973 1237 3040 Haupt·

170 3043 273 3094 Gduer:
294 3044 355 3093 baec
366 3059 422 3107 eos,
441 3045 486 3109 φιτ·
495 3043 603 3095 morum
614 3047 675 3095 soto
729 3043 804 3107 sache
820 3043 882 3093 noch
903 3049 958 3093 erst
974 3043 1008 3092 im
1024 3042 1133 3093 zweiten
1149 3042 1251 3105 sitae,

169 3111 453 3175 consenserimus.
470 3112 522 3175 vgl.
535 3111 621 3162 Attius
633 3111 674 3162 bei
728 3116 760 3163 ut
778 3112 884 3177 eiusque
907 3113 1008 3163 omnivm
1028 3114 1096 3162 ratio
1120 3110 1237 3161 roan

169 3179 282 3229 Ribbeck
302 3179 390 3243 fragm.
411 3186 477 3243 trag.
497 3180 554 3231 Lot.
581 3197 605 3246 p.
625 3179 676 3230 184
729 3183 776 3243 ost,
789 3178 956 3230 sedanturas
967 3183 1060 3246 magio.
1081 3177 1236 3229 Ebcosobei

168 3247 379 3315 f
394 3263 521 3313 ταααα
728 3245 891 3367 cur
904 3245 1154 3310 αα

201 3383 297 3433 mori
304 3380 609 3450 porti‚derblebrzabl‚§.
619 3383 675 3434 147.
730 3388 770 3435 est
780 3386 822 3435 rei
832 3399 902 3436 cura.
925 3383 962 3434 lla
974 3384 1070 3435 miisstc
1081 3384 1236 3446 wenigstens

167 3448 306 3515 lt,10,3r.
730 3453 793 3503 noch
809 3454 836 3503 ei
856 3451 1019 3516 binzugeliigt
1034 3452 1152 3511 werdeu3
1175 3451 1237 3500 aber
1259 3473 1262 3477 ·

203 3507 255 3569 38·
276 3517 332 3568 119.
347 3532 548 3584 geneseorum,
565 3519 606 3569 die
618 3518 675 3584 Art,
731 3521 793 3571 oncb
814 3521 879 3571 donn
900 3520 979 3571 bleibt
994 3520 1041 3570 dor
1056 3518 1190 3569 Ansdruclr
1206 3532 1235 3568 so

168 3588 263 3637 welche
284 3601 330 3637 aus
346 3587 425 3636 denen
447 3585 556 3637 bestebt.
587 3603 678 3639 eorum
731 3586 914 3652 schwerfiillig,
932 3589 1058 3638 dossman
1069 3585 1235 3649 bessortbut,

170 3655 205 3704 ist
226 3653 364 3705 Genetivus
381 3655 573 3720 epexegeticus:
598 3654 632 3720 11,
650 3656 675 3718 5,
729 3658 770 3707 rei
781 3671 813 3706 zu
825 3656 960 3706 streicben.

172 3721 203 3771 16
225 3724 310 3772 causis
326 3722 458 3775 simeonis.
492 3720 526 3773 lll
543 3724 567 3788 ξ,
578 3723 620 3774 41.
634 3722 675 3773 69.
763 3720 1235 3790 roborare,Borecbnung,wofiircben

169 3791 220 3854 vgl.
233 3790 258 3838 in
270 3787 344 3840 Verr.
358 3788 389 3853 V,
402 3791 443 3853 60,
459 3790 507 3840 156
519 3793 580 3858 quid
590 3793 622 3843 de
633 3792 676 3842 itta
729 3792 877 3844 deliberabo
889 3792 1025 3855 gebraucbt
1036 3790 1079 3839 ist.
1171 3788 1177 3794 ’

66 3886 70 3889 -
170 3855 565 3911 τηηίιτὴιᾱίττιίἰστττωουνττη.
766 3859 822 3910 120.
841 3858 1240 3976 ιαηηιιαυιίζταηιονίαἱίκᾱττ

185 3958 189 3963 <
204 3941 240 3974 erc
255 3940 298 3986 eo,
318 3941 367 3990 quo
382 3927 459 3977 modo
469 3930 582 3995 quieuere
596 3934 675 3981 notus
730 3928 810 3991 ewige
819 3929 881 3979 aber
890 3934 954 3978 stets
964 3942 992 3977 sc
1009 3925 1238 3978 wankandeGliiek

171 3994 221 4052 est,
244 3992 305 4041 nach
328 3994 375 4043 den
398 3995 559 4061 euschemon
583 3998 676 4062 Eigen-
730 3997 802 4048 stollt
814 3997 867 4048 sich
883 3996 916 4047 im
929 3993 1035 4062 linmpio
1052 3997 1099 4047 mit
1115 3997 1161 4051 der
1174 3994 1238 4045 Cha-
