2772 4504
25 39 242 142 amato

72 384 79 393 2
121 328 181 390 118
553 319 597 370 nn
615 316 753 370 oeneus

118 478 297 561 praestantia
317 483 367 538 aut
387 494 442 555 spe
463 473 519 535 sihi
536 474 568 534 id
586 473 657 535 utile
676 473 808 534 futurum
827 478 877 534 aut
890 476 974 532 metu
986 487 1025 531 ne
1040 468 1068 530 vi
1081 486 1185 548 parere

120 572 264 645 cogantur
278 568 328 624 aut
342 580 395 640 spe
409 558 571 638 largitionis
583 558 802 638 promissisque
817 555 894 637 eapti
909 562 958 616 aut
973 561 1138 635 postremo,
1152 561 1186 615 ut

121 669 208 730 saepe
221 650 254 710 in
268 653 372 708 nostra
386 664 419 707 re
433 644 548 724 publiea
563 642 706 718 videmus,
722 641 856 704 mercede
870 639 1018 703 eoeduoti.

83 734 103 794 *l
206 732 348 796 Omnium
368 739 465 793 autem
483 748 582 792 rerum
604 747 659 790 nec
678 729 776 810 aptius
796 735 842 789 est
866 727 1024 807 quiequam
1048 724 1085 785 ad
1113 742 1186 804 opes

67 827 101 878 23
120 820 243 914 tuendas
259 838 293 880 ae
308 816 448 878 tenendas
460 834 549 895 quam
561 814 640 894 diligi
652 831 708 876 neo
719 813 840 875 alienius
852 830 942 892 quam
954 809 1060 871 timeri.
1095 809 1187 871 Prae-

31 938 45 964 e
58 937 70 971 t
85 970 86 973 ,
123 906 199 966 clare
217 904 296 965 enim
311 902 439 963 Ennius:
1094 960 1098 963 .

10 944 109 1111 M]
122 986 178 1101 hqd
205 1004 300 1076 Que'm
314 1012 445 1065 metuunt
465 1003 602 1064 oderunt:
629 1020 713 1081 quem
728 1004 845 1082 quisque
864 1002 924 1062 ddtt
938 1001 1058 1079 periisse
1072 998 1187 1077 impetit
1208 1004 1212 1007 '

121 1106 281 1169 Multorum
297 1114 394 1168 autem
411 1106 488 1166 odiis
503 1104 599 1165 nullas
616 1122 688 1184 opes
708 1121 799 1182 posse
814 1101 973 1185 obsistere,
994 1100 1119 1195 si'antea
1134 1097 1188 1159 fuit

121 1193 271 1272 ignotum,
292 1210 388 1271 nuper
408 1199 452 1251 est
474 1188 635 1268 cognitum.
670 1188 730 1248 Nee
747 1205 816 1248 vero
837 1187 924 1249 huius
945 1184 1061 1265 tyranni
1081 1183 1189 1257 solum²

121 1297 208 1357 quem
221 1277 310 1338 armis
324 1295 467 1356 oppressa
478 1274 598 1356 pertulit
613 1268 712 1334 civitas
727 1280 867 1353 paretque
882 1291 949 1333 eum
964 1269 1090 1330 mamme
1104 1286 1187 1329 mor-

121 1371 184 1435 tuo,
199 1362 332 1423 interitus
344 1361 469 1423 declarat
481 1369 624 1441 quantum
636 1358 736 1420 odium
747 1357 903 1418 hominum
915 1356 1006 1417 valeat
1016 1354 1052 1416 ad
1064 1360 1186 1434 pestem,

10 1447 174 1526 wsed
194 1446 377 1531 reliquorum
397 1445 505 1506 similes
526 1444 620 1505 exitus
646 1452 855 1523 tyrannorum,
881 1459 1009 1522 qtrorum
1028 1439 1107 1500 haud
1127 1439 1188 1498 lere

107 1531 279 1611 'quisquam
295 1531 445 1592 interitum
460 1531 548 1592 talem
563 1528 672 1607 effugit.
698 1528 790 1589 Malus
806 1528 884 1589 enim
897 1533 943 1588 est
958 1533 1058 1587 eustos
1074 1523 1189 1584 diutur-

122 1616 223 1678 nitatis
240 1625 346 1690 metus,
361 1623 520 1694 contraque
531 1613 732 1675 benevolentia
742 1613 834 1675 tidelis
851 1613 894 1673 vel
905 1613 943 1673 ad
953 1606 1188 1692 perpetuitatem.

69 1708 103 1758 al
124 1701 181 1764 Sed
202 1700 252 1774 iis,
273 1702 323 1782 qui
342 1701 370 1761 vi
386 1719 549 1780 oppressos
569 1699 694 1778 imperio
711 1704 861 1772 coercent,
884 1697 922 1758 sit
942 1715 1011 1757 sane
1028 1693 1191 1756 adhibenda

123 1785 254 1858 saevitia,
276 1794 309 1847 ut
323 1786 401 1847 heris
417 1785 448 1845 in
470 1785 611 1857 famulos,
632 1783 658 1844 si
679 1783 762 1844 aliter
782 1784 874 1845 teneri
893 1799 956 1842 non
977 1786 1117 1860 possunt:
1141 1778 1190 1857 qui

122 1890 190 1933 vero
206 1870 236 1931 in
251 1870 340 1932 libera
356 1871 469 1931 civitate
484 1871 567 1931 ita'se
582 1869 739 1940 instruunt,
755 1877 787 1929 ut
797 1876 974 1940 metuantur,
990 1867 1024 1927 iis
1036 1864 1109 1926 nihil
1120 1871 1188 1944 pot-

122 1964 168 2017 est
182 1975 248 2017 esse
263 1956 452 2025 dementius,
469 1954 608 2037 Quamvis
629 1953 708 2014 enim
724 1953 784 2014 sint
804 1946 953 2014 demersae
973 1951 1051 2030 leges
1067 1948 1210 2011 alieuius

683 2142 807 2208 spiciatur
818 2139 918 2190 liturae.
943 2137 997 2188 Aus
1009 2139 1055 2188 der
1067 2135 1191 2201 Conjune-

683 2209 737 2258 tion
749 2208 814 2257 wird
823 2209 863 2257 ein
872 2206 1026 2258 Adverhium
1033 2221 1084 2256 von
1093 2204 1191 2255 derBe-

684 2277 795 2339 deutung
811 2277 858 2326 doe
874 2279 990 2326 samana
1001 2278 1125 2341 tempore,
1147 2273 1191 2323 das
1268 2276 1272 2281 '

685 2342 719 2394 ist
731 2345 861 2394 entweder
872 2344 905 2393 int
913 2341 1047 2405 Vergleieh
1059 2341 1105 2390 mit
1115 2341 1193 2389 ande·

123 2145 265 2210 querapt'am
283 2141 402 2207 dtttguet.
427 2141 478 2191 Des
491 2141 629 2202 vorherge·

124 2211 203 2260 hende
229 2215 286 2275 aut,
308 2209 356 2259 wie
382 2210 421 2258 die
443 2208 517 2258 lldss.
538 2207 629 2268 heheu,

123 2275 631 2328 musstedarurninetveriindertwerden.
657 2298 658 2303 =

158 2345 281 2396 sedenos.
306 2345 356 2396 Cie.
368 2346 447 2395 meiat
457 2344 509 2395 wol
521 2343 630 2406 vorziig-

124 2414 174 2464 lieh
189 2412 326 2477 Antonius,
347 2414 394 2464 der
413 2413 454 2463 die
475 2412 630 2475 ehemaligen

125 2480 246 2532 Soldaten
269 2481 377 2531 Caesare
401 2482 478 2530 dureh
502 2479 566 2531 Geld
590 2478 632 2529 tur

125 2549 177 2599 sieh
190 2565 222 2598 zu
234 2551 366 2613 gewinnen
377 2556 482 2612 wusste,
494 2544 558 2598 aher
568 2549 631 2597 aueh

124 2616 213 2679 Lente,
226 2619 275 2667 wie
288 2617 390 2667 Clodius
401 2617 452 2667 und
464 2615 533 2681 Milo,
546 2616 586 2666 die
598 2616 631 2664 im

123 2683 251 2734 Interesse
268 2686 337 2734 ihrer
352 2684 437 2734 Partei
454 2683 632 2735 Gladiatoren-

123 2752 220 2801 handen
233 2752 335 2802 hielten.

158 2810 190 2870 7·
203 2819 244 2868 23.
260 2819 339 2882 Quen
350 2823 477 2869 metuunt.
494 2819 556 2869 Item
561 2818 632 2885 Thy-

125 2894 195 2937 estes
207 2889 252 2937 des
265 2887 361 2937 Ennius
378 2888 431 2951 legt
443 2887 539 2938 Vahlen
557 2886 632 2937 Ennii

124 2962 190 3018 trag.
211 2971 237 3005 v.
250 2954 299 3004 403
321 2956 407 3005 diesen
427 2954 494 3005 Vers
516 2954 567 3003 wol
586 2955 632 3004 mit

124 3022 264 3074 Rechthei.
301 3023 358 3087 vgt.
376 3024 416 3074 die
432 3023 632 3089 entspreehende
664 3020 669 3027 ’

126 3090 244 3155 Sentenz,
251 3091 291 3141 die
301 3091 317 3157 l,
324 3091 365 3155 28,
372 3088 404 3141 97
415 3091 551 3156 angefuhrt
559 3091 632 3141 wird.

158 3159 301 3210 multorum
312 3160 376 3211 odda
388 3188 423 3199 -
438 3176 522 3228 nuper
534 3164 575 3210 eat
589 3174 632 3209 oo·

123 3229 234 3292 gnitum.
265 3227 298 3276 so
316 3235 373 3290 sagt
390 3227 440 3277 Cie.
461 3242 519 3277 vom
539 3227 633 3291 Steud-

125 3301 216 3360 punete
229 3294 313 3342 seiner
322 3294 418 3357 Partei,
437 3295 558 3345 withrend
569 3294 633 3344 doeh

126 3361 166 3412 die
194 3361 353 3425 Ermordung
376 3360 484 3411 Caesam
512 3378 560 3411 nur
588 3363 632 3411 des

126 3428 211 3480 Werk
220 3429 340 3494 weniger,
352 3429 520 3479 zumeistvon
546 3432 634 3479 eratin-

125 3498 207 3548 liehen
224 3491 337 3548 Motiven
353 3497 512 3548 bestimmten
527 3446 634 3547 hinem

125 3580 192 3629 war,
213 3567 263 3616 und
280 3567 321 3617 die
336 3565 470 3631 folgenden
486 3565 634 3629 Erelgnisse

126 3633 633 3751 ἒθίᾗῐῐοηᾶνῖἰξἀαενοίὶάανῦὴονᾶαοὴιο.

146 3737 152 3750 .
200 3737 219 3764 ,,
238 3738 245 3761 ,
293 3738 299 3749 .

159 3782 219 3818 eum
229 3761 345 3819 misitne
361 3771 482 3822 hedeutet
493 3769 634 3836 urspriing·

125 3835 176 3883 lieh
194 3836 308 3898 genade
326 3838 419 3900 donn,
434 3853 541 3899 wann3
558 3837 577 3902 l,
593 3837 632 3901 13,

126 3899 169 3948 41.
193 3900 267 3953 Verr.
281 3900 310 3965 ll,
323 3904 364 3966 76,
377 3904 425 3954 178
437 3920 495 3956 eum
505 3906 633 3955 ltaeema·

126 3967 198 4015 etms
216 3983 396 4034 eognoaeerem
415 4000 449 4010 -
465 3977 569 4040 repente
585 3971 634 4024 ad-

685 2427 731 2461 ren
748 2410 839 2461 Zeiten
860 2411 957 2476 ,jetzt
974 2410 1056 2458 mehr
1072 2407 1119 2457 als
1133 2406 1189 2471 je‘,
1209 2456 1211 2461 ,

686 2495 713 2529 so
726 2479 782 2529 hier
799 2480 849 2528 und
867 2495 913 2544 pro
930 2475 1064 2540 Cluentd,
1078 2473 1109 2524 12
1128 2490 1192 2540 quae

685 2548 780 2598 multoe
790 2549 846 2597 iem
857 2563 939 2598 manos
951 2550 978 2596 et
986 2559 1055 2595 aune
1065 2558 1125 2594 eum
1135 2559 1192 2593 ma-

684 2615 849 2681 ximefilium
858 2616 1027 2681 interfectum
1035 2615 1121 2733 ost&
1131 2613 1194 2661 oder

685 2680 1034 2750 ‚genadejetzl‘,Verr.l
1059 2679 1195 2746 ,ausaque

686 2767 743 2803 eum
754 2766 798 2801 rer
809 2754 940 2800 mammam
954 2751 1081 2815 gesserat,
1102 2763 1194 2799 tamtu-

685 2822 1036 2884 mentaquesuaratmrerum
1044 2818 1193 2865 eumenem·-

685 2887 887 2938 meeottstitual.
909 2911 944 2921 ·-
967 2884 1091 2935 Antonius
1109 2889 1191 2933 setzte
1249 2933 1254 2942 ,

685 2955 726 3005 hei
737 2955 792 3003 dem
803 2952 896 3012 senate
908 2953 995 3014 durch,
1007 2951 1065 3001 dass
1077 2950 1128 3001 alle
1138 2949 1192 3001 An·

688 3023 836 3084 ordnungen
842 3019 959 3082 Caesare,
974 3019 1055 3069 sowol
1064 3019 1104 3068 die
1116 3019 1192 3069 sehon

686 3089 912 3154 verdlientliehten‚
925 3088 963 3138 als
976 3087 1017 3137 die
1029 3086 1082 3136 sieh
1090 3087 1154 3137 noch
1166 3087 1193 3135 in

687 3157 901 3223 seinenPapieren
912 3155 1111 3219 tindenwtirten,
1123 3154 1192 3204 volle

688 3226 829 3290 Giiltigleit
848 3225 928 3275 hohen
948 3223 1055 3286 sollten,
1079 3222 1130 3272 und
1149 3221 1194 3271 be-

687 3301 775 3345 nutzte
788 3294 850 3358 dies,
861 3293 928 3345 viele
941 3292 1029 3356 eigene
1041 3289 1143 3341 Besehle
1155 3290 1194 3339 uls

687 3366 745 3414 aeta
761 3362 879 3413 metare
897 3359 1131 3411 unterztrsehiehen.
1157 3357 1193 3421 (S.
1218 3390 1231 3409 „s

687 3431 764 3481 Peter
787 3432 851 3480 rtim.
876 3429 967 3480 Geseh.
991 3427 1023 3492 ll,
1044 3427 1101 3477 tut.
1124 3425 1193 3488 412.)

688 3499 781 3549 Durum
793 3498 857 3548 wird
868 3499 932 3548 uuoh
945 3495 970 3562 ᾖ,
977 3496 1010 3546 84
1023 3496 1117 3547 Caesar
1127 3509 1195 3545 nume

685 3570 769 3618 vietor
780 3572 898 3630 genennt.

720 3637 854 3685 eletert'tvm
867 3633 957 3684 talene:
970 3633 1076 3683 niimlieh
1090 3630 1195 3683 denUu-

686 3710 793 3766 tergang
820 3703 899 3752 dureh
923 3702 967 3751 das
996 3701 1058 3751 naeh
1082 3699 1195 3749 Freiheit

687 3770 822 3821 strehende
834 3769 909 3820 vett.

720 3837 892 3901 diotumitaa,
905 3837 1047 3888 dauernder
1058 3836 1156 3896 Beeita;
1171 3835 1196 3885 in

687 3905 753 3954 uult.
766 3903 807 3966 tlt,
818 3905 842 3969 2,
854 3905 885 3954 10
896 3907 958 3970 agat
965 3932 1001 3944 -
1011 3920 1083 3973 apem
1093 3903 1196 3956 dtutur·

687 3973 778 4023 nitatis
791 3974 932 4039 attingent.
