<?xml version="1.0" encoding="UTF-8"?>
<!DOCTYPE html PUBLIC "-//W3C//DTD XHTML 1.0 Transitional//EN"
    "http://www.w3.org/TR/xhtml1/DTD/xhtml1-transitional.dtd">
<html xmlns="http://www.w3.org/1999/xhtml" xml:lang="en" lang="en">
 <head>
  <title>
</title>
<meta http-equiv="Content-Type" content="text/html;charset=utf-8" />
  <meta name='ocr-system' content='tesseract 3.04.00' />
  <meta name='ocr-capabilities' content='ocr_page ocr_carea ocr_par ocr_line ocrx_word'/>
</head>
<body>
  <div class='ocr_page' id='page_1' title='image "./deofficiisadmar01heingoog_0065.png"; bbox 0 0 2776 4502; ppageno 0'>
   <div class='ocr_carea' id='block_1_1' title="bbox 193 284 823 352">
    <p class='ocr_par' dir='ltr' id='par_1_1' title="bbox 193 284 823 352">
     <span class='ocr_line' id='line_1_1' title="bbox 193 284 823 352; baseline 0 -15"><span class='ocrx_word' id='word_1_1' title='bbox 193 289 234 352; x_wconf 81' lang='lat'>60</span> <span class='ocrx_word' id='word_1_2' title='bbox 622 287 667 339; x_wconf 86' lang='grc'>33</span> <span class='ocrx_word' id='word_1_3' title='bbox 685 284 823 339; x_wconf 84' lang='lat' dir='ltr'>urricus</span> 
     </span>
    </p>
   </div>
   <div class='ocr_carea' id='block_1_2' title="bbox 15 438 1253 703">
    <p class='ocr_par' dir='ltr' id='par_1_2' title="bbox 15 438 1253 703">
     <span class='ocr_line' id='line_1_2' title="bbox 192 438 1253 521; baseline -0.002 -17"><span class='ocrx_word' id='word_1_4' title='bbox 192 449 226 504; x_wconf 92' lang='lat' dir='ltr'>ut</span> <span class='ocrx_word' id='word_1_5' title='bbox 247 441 434 503; x_wconf 81' lang='lat' dir='ltr'>vehementer</span> <span class='ocrx_word' id='word_1_6' title='bbox 452 440 558 502; x_wconf 89' lang='lat' dir='ltr'>arduas</span> <span class='ocrx_word' id='word_1_7' title='bbox 584 441 743 521; x_wconf 81' lang='lat' dir='ltr'>plenasque</span> <span class='ocrx_word' id='word_1_8' title='bbox 761 439 897 503; x_wconf 86' lang='lat' dir='ltr'>laborum</span> <span class='ocrx_word' id='word_1_9' title='bbox 915 447 945 501; x_wconf 91' lang='grc'>33</span> <span class='ocrx_word' id='word_1_10' title='bbox 963 438 1166 519; x_wconf 80' lang='lat' dir='ltr'>periculorum</span> <span class='ocrx_word' id='word_1_11' title='bbox 1185 456 1253 502; x_wconf 91' lang='lat' dir='ltr'>cum</span> 
     </span>
     <span class='ocr_line' id='line_1_3' title="bbox 138 524 1251 606; baseline -0.006 -12"><span class='ocrx_word' id='word_1_12' title='bbox 138 543 170 593; x_wconf 82' lang='grc'>33</span> <span class='ocrx_word' id='word_1_13' title='bbox 191 527 265 588; x_wconf 86' lang='lat' dir='ltr'>vitae</span> <span class='ocrx_word' id='word_1_14' title='bbox 279 532 343 586; x_wconf 90' lang='lat' dir='ltr'>tum</span> <span class='ocrx_word' id='word_1_15' title='bbox 358 525 515 588; x_wconf 88' lang='lat' dir='ltr'>multarum</span> <span class='ocrx_word' id='word_1_16' title='bbox 530 544 641 599; x_wconf 87' lang='lat' dir='ltr'>rerum,</span> <span class='ocrx_word' id='word_1_17' title='bbox 656 544 730 606; x_wconf 87' lang='lat' dir='ltr'>quae</span> <span class='ocrx_word' id='word_1_18' title='bbox 745 527 783 587; x_wconf 94' lang='lat' dir='ltr'>ad</span> <span class='ocrx_word' id='word_1_19' title='bbox 795 526 884 587; x_wconf 88' lang='lat' dir='ltr'>vitam</span> <span class='ocrx_word' id='word_1_20' title='bbox 898 524 1053 604; x_wconf 85' lang='lat' dir='ltr'>pertinent</span> <span class='ocrx_word' id='word_1_21' title='bbox 1079 524 1190 586; x_wconf 87' lang='lat' dir='ltr'>Harum</span> <span class='ocrx_word' id='word_1_22' title='bbox 1204 543 1251 587; x_wconf 88' lang='lat' dir='ltr'>re-</span> 
     </span>
     <span class='ocr_line' id='line_1_4' title="bbox 15 599 1251 703; baseline -0.002 -29"><span class='ocrx_word' id='word_1_23' title='bbox 15 599 115 703; x_wconf 51' lang='lat' dir='ltr'>m„</span> <span class='ocrx_word' id='word_1_24' title='bbox 191 630 258 674; x_wconf 88' lang='lat' dir='ltr'>rum</span> <span class='ocrx_word' id='word_1_25' title='bbox 272 612 396 672; x_wconf 89' lang='lat' dir='ltr'>duarum</span> <span class='ocrx_word' id='word_1_26' title='bbox 412 611 553 690; x_wconf 82' lang='lat' dir='ltr'><strong>splendor</strong></span> <span class='ocrx_word' id='word_1_27' title='bbox 568 611 680 686; x_wconf 90' lang='lat' dir='ltr'>omnis,</span> <span class='ocrx_word' id='word_1_28' title='bbox 694 609 870 691; x_wconf 80' lang='lat' dir='ltr'>amplitudo,</span> <span class='ocrx_word' id='word_1_29' title='bbox 890 610 967 671; x_wconf 89' lang='lat' dir='ltr'>addo</span> <span class='ocrx_word' id='word_1_30' title='bbox 983 609 1071 671; x_wconf 88' lang='lat' dir='ltr'>etiam</span> <span class='ocrx_word' id='word_1_31' title='bbox 1090 610 1251 684; x_wconf 80' lang='lat' dir='ltr'><strong>utilitatem,</strong></span> 
     </span>
    </p>
   </div>
   <div class='ocr_carea' id='block_1_3' title="bbox 12 694 1379 2896">
    <p class='ocr_par' dir='ltr' id='par_1_3' title="bbox 12 694 1379 2896">
     <span class='ocr_line' id='line_1_5' title="bbox 190 694 1253 775; baseline -0.001 -18"><span class='ocrx_word' id='word_1_32' title='bbox 190 694 222 757; x_wconf 93' lang='lat' dir='ltr'>in</span> <span class='ocrx_word' id='word_1_33' title='bbox 237 695 401 775; x_wconf 90' lang='lat' dir='ltr'>posteriore</span> <span class='ocrx_word' id='word_1_34' title='bbox 415 703 468 770; x_wconf 82' lang='lat' dir='ltr'>est,</span> <span class='ocrx_word' id='word_1_35' title='bbox 484 714 571 758; x_wconf 89' lang='lat' dir='ltr'>causa</span> <span class='ocrx_word' id='word_1_36' title='bbox 585 704 683 757; x_wconf 87' lang='lat' dir='ltr'>autem</span> <span class='ocrx_word' id='word_1_37' title='bbox 697 703 726 757; x_wconf 90' lang='lat' dir='ltr'>et</span> <span class='ocrx_word' id='word_1_38' title='bbox 739 697 814 757; x_wconf 89' lang='lat' dir='ltr'>ratio</span> <span class='ocrx_word' id='word_1_39' title='bbox 829 694 959 756; x_wconf 86' lang='grc'>31331333</span> <span class='ocrx_word' id='word_1_40' title='bbox 974 712 1098 773; x_wconf 88' lang='lat' dir='ltr'>magnos</span> <span class='ocrx_word' id='word_1_41' title='bbox 1111 696 1193 756; x_wconf 90' lang='lat' dir='ltr'>viros</span> <span class='ocrx_word' id='word_1_42' title='bbox 1207 703 1253 756; x_wconf 89' lang='lat' dir='ltr'>est</span> 
     </span>
     <span class='ocr_line' id='line_1_6' title="bbox 12 741 1251 877; baseline 0.002 -39"><span class='ocrx_word' id='word_1_43' title='bbox 12 741 61 877; x_wconf 48' lang='lat' dir='ltr'><em>Q</em></span> <span class='ocrx_word' id='word_1_44' title='bbox 80 754 155 838; x_wconf 66' lang='grc'>333</span> <span class='ocrx_word' id='word_1_45' title='bbox 190 781 345 859; x_wconf 89' lang='lat' dir='ltr'>inpriore.</span> <span class='ocrx_word' id='word_1_46' title='bbox 374 781 406 841; x_wconf 95' lang='grc'>13</span> <span class='ocrx_word' id='word_1_47' title='bbox 421 799 457 841; x_wconf 90' lang='grc'>33</span> <span class='ocrx_word' id='word_1_48' title='bbox 472 789 518 841; x_wconf 89' lang='grc'>333</span> <span class='ocrx_word' id='word_1_49' title='bbox 531 781 609 841; x_wconf 89' lang='lat' dir='ltr'>enim</span> <span class='ocrx_word' id='word_1_50' title='bbox 625 781 708 854; x_wconf 90' lang='lat' dir='ltr'>illud,</span> <span class='ocrx_word' id='word_1_51' title='bbox 730 779 809 860; x_wconf 87' lang='lat' dir='ltr'>quod</span> <span class='ocrx_word' id='word_1_52' title='bbox 828 780 998 841; x_wconf 84' lang='lat' dir='ltr'>excellentes</span> <span class='ocrx_word' id='word_1_53' title='bbox 1017 780 1131 841; x_wconf 86' lang='lat' dir='ltr'>animos</span> <span class='ocrx_word' id='word_1_54' title='bbox 1151 789 1181 841; x_wconf 91' lang='lat' dir='ltr'>et</span> <span class='ocrx_word' id='word_1_55' title='bbox 1194 779 1251 841; x_wconf 83' lang='lat' dir='ltr'>liu·</span> 
     </span>
     <span class='ocr_line' id='line_1_7' title="bbox 45 864 1250 945; baseline 0.001 -19"><span class='ocrx_word' id='word_1_56' title='bbox 45 872 52 897; x_wconf 69' lang='lat'><em>⁵</em></span> <span class='ocrx_word' id='word_1_57' title='bbox 189 882 277 927; x_wconf 89' lang='lat' dir='ltr'>mana</span> <span class='ocrx_word' id='word_1_58' title='bbox 293 865 605 926; x_wconf 83' lang='lat' dir='ltr'>contemnentestacit.</span> <span class='ocrx_word' id='word_1_59' title='bbox 635 866 667 926; x_wconf 94' lang='grc'>13</span> <span class='ocrx_word' id='word_1_60' title='bbox 687 874 783 944; x_wconf 81' lang='lat' dir='ltr'>autem</span> <span class='ocrx_word' id='word_1_61' title='bbox 803 864 903 945; x_wconf 90' lang='lat' dir='ltr'>ipsum</span> <span class='ocrx_word' id='word_1_62' title='bbox 925 864 1054 926; x_wconf 88' lang='lat' dir='ltr'>cernitur</span> <span class='ocrx_word' id='word_1_63' title='bbox 1073 866 1104 926; x_wconf 92' lang='lat' dir='ltr'>in</span> <span class='ocrx_word' id='word_1_64' title='bbox 1125 865 1250 939; x_wconf 90' lang='lat' dir='ltr'>duobus,</span> 
     </span>
     <span class='ocr_line' id='line_1_8' title="bbox 192 949 1251 1029; baseline -0.001 -18"><span class='ocrx_word' id='word_1_65' title='bbox 192 951 216 1011; x_wconf 92' lang='lat' dir='ltr'>si</span> <span class='ocrx_word' id='word_1_66' title='bbox 231 950 371 1011; x_wconf 83' lang='grc'>33331333</span> <span class='ocrx_word' id='word_1_67' title='bbox 391 950 435 1024; x_wconf 91' lang='lat' dir='ltr'>id,</span> <span class='ocrx_word' id='word_1_68' title='bbox 456 950 535 1029; x_wconf 92' lang='lat' dir='ltr'>quod</span> <span class='ocrx_word' id='word_1_69' title='bbox 553 951 713 1012; x_wconf 89' lang='lat' dir='ltr'>honestum</span> <span class='ocrx_word' id='word_1_70' title='bbox 733 950 783 1024; x_wconf 92' lang='lat' dir='ltr'>sit,</span> <span class='ocrx_word' id='word_1_71' title='bbox 802 950 916 1012; x_wconf 89' lang='lat' dir='ltr'>bonum</span> <span class='ocrx_word' id='word_1_72' title='bbox 935 949 1046 1012; x_wconf 89' lang='lat' dir='ltr'>iudices</span> <span class='ocrx_word' id='word_1_73' title='bbox 1067 957 1095 1010; x_wconf 90' lang='lat' dir='ltr'>et</span> <span class='ocrx_word' id='word_1_74' title='bbox 1113 951 1149 1011; x_wconf 91' lang='lat' dir='ltr'>ab</span> <span class='ocrx_word' id='word_1_75' title='bbox 1170 949 1251 1011; x_wconf 91' lang='lat' dir='ltr'>omni</span> 
     </span>
     <span class='ocr_line' id='line_1_9' title="bbox 189 1034 1251 1115; baseline -0.003 -18"><span class='ocrx_word' id='word_1_76' title='bbox 189 1034 279 1097; x_wconf 91' lang='lat' dir='ltr'>animi</span> <span class='ocrx_word' id='word_1_77' title='bbox 292 1035 511 1115; x_wconf 79' lang='lat' dir='ltr'>perturbatione</span> <span class='ocrx_word' id='word_1_78' title='bbox 524 1034 598 1097; x_wconf 91' lang='lat' dir='ltr'>liber</span> <span class='ocrx_word' id='word_1_79' title='bbox 612 1036 664 1097; x_wconf 89' lang='grc'>313.</span> <span class='ocrx_word' id='word_1_80' title='bbox 693 1035 769 1097; x_wconf 88' lang='lat' dir='ltr'>Nam</span> <span class='ocrx_word' id='word_1_81' title='bbox 785 1043 814 1096; x_wconf 92' lang='lat' dir='ltr'>et</span> <span class='ocrx_word' id='word_1_82' title='bbox 828 1054 875 1108; x_wconf 88' lang='grc'>33,</span> <span class='ocrx_word' id='word_1_83' title='bbox 896 1053 969 1115; x_wconf 88' lang='lat' dir='ltr'>quae</span> <span class='ocrx_word' id='word_1_84' title='bbox 984 1035 1089 1095; x_wconf 80' lang='lat' dir='ltr'>eximia</span> <span class='ocrx_word' id='word_1_85' title='bbox 1103 1035 1251 1114; x_wconf 80' lang='lat' dir='ltr'>plerisque</span> 
     </span>
     <span class='ocr_line' id='line_1_10' title="bbox 189 1118 1313 1200; baseline 0 -19"><span class='ocrx_word' id='word_1_86' title='bbox 189 1129 218 1181; x_wconf 91' lang='grc'>33</span> <span class='ocrx_word' id='word_1_87' title='bbox 231 1120 378 1200; x_wconf 87' lang='lat' dir='ltr'>praeclara</span> <span class='ocrx_word' id='word_1_88' title='bbox 392 1120 536 1192; x_wconf 87' lang='lat' dir='ltr'>videntur,</span> <span class='ocrx_word' id='word_1_89' title='bbox 552 1139 641 1200; x_wconf 80' lang='lat' dir='ltr'>parra</span> <span class='ocrx_word' id='word_1_90' title='bbox 656 1122 762 1183; x_wconf 88' lang='lat' dir='ltr'>ducere</span> <span class='ocrx_word' id='word_1_91' title='bbox 777 1139 868 1200; x_wconf 90' lang='lat' dir='ltr'>eaque</span> <span class='ocrx_word' id='word_1_92' title='bbox 879 1119 992 1182; x_wconf 89' lang='lat' dir='ltr'>ratione</span> <span class='ocrx_word' id='word_1_93' title='bbox 1004 1118 1099 1180; x_wconf 90' lang='lat' dir='ltr'>stabili</span> <span class='ocrx_word' id='word_1_94' title='bbox 1109 1119 1251 1198; x_wconf 87' lang='lat' dir='ltr'>firmaque</span> <span class='ocrx_word' id='word_1_95' title='bbox 1268 1150 1313 1181; x_wconf 53' lang='lat' dir='ltr'>n</span> 
     </span>
     <span class='ocr_line' id='line_1_11' title="bbox 189 1192 1250 1286; baseline -0.001 -22"><span class='ocrx_word' id='word_1_96' title='bbox 189 1213 377 1265; x_wconf 79' lang='lat' dir='ltr'>contemnere</span> <span class='ocrx_word' id='word_1_97' title='bbox 392 1204 477 1266; x_wconf 87' lang='grc'>133313</span> <span class='ocrx_word' id='word_1_98' title='bbox 494 1204 584 1266; x_wconf 90' lang='lat' dir='ltr'>animi</span> <span class='ocrx_word' id='word_1_99' title='bbox 598 1192 761 1286; x_wconf 68' lang='lat' dir='ltr'>magnique</span> <span class='ocrx_word' id='word_1_100' title='bbox 772 1204 938 1267; x_wconf 89' lang='lat' dir='ltr'>ducendum</span> <span class='ocrx_word' id='word_1_101' title='bbox 952 1212 1006 1278; x_wconf 90' lang='lat' dir='ltr'>est,</span> <span class='ocrx_word' id='word_1_102' title='bbox 1022 1211 1051 1265; x_wconf 92' lang='lat' dir='ltr'>et</span> <span class='ocrx_word' id='word_1_103' title='bbox 1065 1221 1107 1276; x_wconf 88' lang='lat' dir='ltr'>ea,</span> <span class='ocrx_word' id='word_1_104' title='bbox 1121 1221 1195 1282; x_wconf 88' lang='lat' dir='ltr'>quae</span> <span class='ocrx_word' id='word_1_105' title='bbox 1205 1202 1250 1263; x_wconf 83' lang='lat' dir='ltr'>ri·</span> 
     </span>
     <span class='ocr_line' id='line_1_12' title="bbox 185 1287 1250 1369; baseline -0.002 -19"><span class='ocrx_word' id='word_1_106' title='bbox 185 1289 296 1361; x_wconf 85' lang='lat' dir='ltr'>dentur</span> <span class='ocrx_word' id='word_1_107' title='bbox 310 1289 427 1364; x_wconf 87' lang='lat' dir='ltr'>acerba,</span> <span class='ocrx_word' id='word_1_108' title='bbox 447 1309 520 1369; x_wconf 90' lang='lat' dir='ltr'>quae</span> <span class='ocrx_word' id='word_1_109' title='bbox 535 1290 626 1352; x_wconf 88' lang='lat' dir='ltr'>multa</span> <span class='ocrx_word' id='word_1_110' title='bbox 645 1299 674 1351; x_wconf 90' lang='lat' dir='ltr'>et</span> <span class='ocrx_word' id='word_1_111' title='bbox 688 1291 767 1352; x_wconf 86' lang='lat' dir='ltr'>varia</span> <span class='ocrx_word' id='word_1_112' title='bbox 785 1291 816 1352; x_wconf 93' lang='lat' dir='ltr'>in</span> <span class='ocrx_word' id='word_1_113' title='bbox 831 1290 986 1352; x_wconf 89' lang='lat' dir='ltr'>hominum</span> <span class='ocrx_word' id='word_1_114' title='bbox 1002 1287 1059 1349; x_wconf 87' lang='lat' dir='ltr'>vita</span> <span class='ocrx_word' id='word_1_115' title='bbox 1075 1291 1250 1367; x_wconf 81' lang='lat' dir='ltr'>fortunaque</span> 
     </span>
     <span class='ocr_line' id='line_1_13' title="bbox 188 1372 1248 1467; baseline 0 -33"><span class='ocrx_word' id='word_1_116' title='bbox 188 1382 356 1448; x_wconf 88' lang='lat' dir='ltr'>versantur,</span> <span class='ocrx_word' id='word_1_117' title='bbox 371 1374 409 1435; x_wconf 91' lang='grc'>133</span> <span class='ocrx_word' id='word_1_118' title='bbox 424 1377 513 1467; x_wconf 70' lang='lat' dir='ltr'>ferre,</span> <span class='ocrx_word' id='word_1_119' title='bbox 527 1382 562 1438; x_wconf 92' lang='lat' dir='ltr'>ut</span> <span class='ocrx_word' id='word_1_120' title='bbox 576 1375 649 1437; x_wconf 90' lang='lat' dir='ltr'>nihil</span> <span class='ocrx_word' id='word_1_121' title='bbox 663 1395 679 1437; x_wconf 97' lang='lat' dir='ltr'>a</span> <span class='ocrx_word' id='word_1_122' title='bbox 694 1383 771 1437; x_wconf 89' lang='lat' dir='ltr'>statu</span> <span class='ocrx_word' id='word_1_123' title='bbox 785 1383 907 1437; x_wconf 86' lang='lat' dir='ltr'>naturae</span> <span class='ocrx_word' id='word_1_124' title='bbox 922 1374 1070 1446; x_wconf 89' lang='lat' dir='ltr'>discedas,</span> <span class='ocrx_word' id='word_1_125' title='bbox 1085 1373 1158 1434; x_wconf 89' lang='grc'>31311</span> <span class='ocrx_word' id='word_1_126' title='bbox 1172 1392 1189 1435; x_wconf 91' lang='grc'>3</span> <span class='ocrx_word' id='word_1_127' title='bbox 1204 1372 1248 1434; x_wconf 90' lang='lat' dir='ltr'>di-</span> 
     </span>
     <span class='ocr_line' id='line_1_14' title="bbox 133 1457 1250 1539; baseline -0.002 -19"><span class='ocrx_word' id='word_1_128' title='bbox 133 1469 167 1520; x_wconf 79' lang='grc'>38</span> <span class='ocrx_word' id='word_1_129' title='bbox 189 1460 296 1538; x_wconf 78' lang='lat' dir='ltr'>gnitate</span> <span class='ocrx_word' id='word_1_130' title='bbox 311 1459 459 1538; x_wconf 87' lang='lat' dir='ltr'>sapientis,</span> <span class='ocrx_word' id='word_1_131' title='bbox 473 1460 589 1521; x_wconf 83' lang='lat' dir='ltr'>robusti</span> <span class='ocrx_word' id='word_1_132' title='bbox 604 1461 696 1522; x_wconf 91' lang='lat' dir='ltr'>animi</span> <span class='ocrx_word' id='word_1_133' title='bbox 709 1468 755 1522; x_wconf 91' lang='lat' dir='ltr'>est</span> <span class='ocrx_word' id='word_1_134' title='bbox 768 1478 949 1539; x_wconf 79' lang='lat' dir='ltr'>magnaeque</span> <span class='ocrx_word' id='word_1_135' title='bbox 963 1457 1152 1520; x_wconf 88' lang='lat' dir='ltr'>constantiae.</span> <span class='ocrx_word' id='word_1_136' title='bbox 1182 1457 1250 1519; x_wconf 91' lang='lat' dir='ltr'>Non</span> 
     </span>
     <span class='ocr_line' id='line_1_15' title="bbox 186 1541 1289 1631; baseline -0.001 -27"><span class='ocrx_word' id='word_1_137' title='bbox 186 1552 232 1604; x_wconf 90' lang='lat' dir='ltr'>est</span> <span class='ocrx_word' id='word_1_138' title='bbox 241 1552 338 1604; x_wconf 90' lang='lat' dir='ltr'>autem</span> <span class='ocrx_word' id='word_1_139' title='bbox 349 1552 587 1619; x_wconf 87' lang='lat' dir='ltr'>consentaneum,</span> <span class='ocrx_word' id='word_1_140' title='bbox 602 1546 652 1625; x_wconf 91' lang='lat' dir='ltr'>qui</span> <span class='ocrx_word' id='word_1_141' title='bbox 663 1553 743 1606; x_wconf 87' lang='lat' dir='ltr'>metu</span> <span class='ocrx_word' id='word_1_142' title='bbox 753 1563 816 1607; x_wconf 93' lang='grc'>333</span> <span class='ocrx_word' id='word_1_143' title='bbox 831 1547 989 1624; x_wconf 84' lang='lat' dir='ltr'>frangatur,</span> <span class='ocrx_word' id='word_1_144' title='bbox 1005 1547 1074 1605; x_wconf 86' lang='lat' dir='ltr'>eum</span> <span class='ocrx_word' id='word_1_145' title='bbox 1088 1541 1184 1631; x_wconf 75' lang='lat' dir='ltr'>frangi</span> <span class='ocrx_word' id='word_1_146' title='bbox 1197 1561 1289 1604; x_wconf 47' lang='lat' dir='ltr'>cu-‚a</span> 
     </span>
     <span class='ocr_line' id='line_1_16' title="bbox 186 1627 1248 1711; baseline -0.001 -23"><span class='ocrx_word' id='word_1_147' title='bbox 186 1628 305 1708; x_wconf 91' lang='lat' dir='ltr'>piditate</span> <span class='ocrx_word' id='word_1_148' title='bbox 320 1645 389 1702; x_wconf 88' lang='lat' dir='ltr'>nec,</span> <span class='ocrx_word' id='word_1_149' title='bbox 405 1630 454 1708; x_wconf 89' lang='lat' dir='ltr'>qui</span> <span class='ocrx_word' id='word_1_150' title='bbox 469 1629 608 1691; x_wconf 85' lang='lat' dir='ltr'>invictum</span> <span class='ocrx_word' id='word_1_151' title='bbox 624 1649 657 1691; x_wconf 89' lang='lat' dir='ltr'>se</span> <span class='ocrx_word' id='word_1_152' title='bbox 671 1650 686 1692; x_wconf 89' lang='lat' dir='ltr'>a</span> <span class='ocrx_word' id='word_1_153' title='bbox 701 1631 801 1692; x_wconf 91' lang='lat' dir='ltr'>labore</span> <span class='ocrx_word' id='word_1_154' title='bbox 816 1630 1004 1711; x_wconf 88' lang='lat' dir='ltr'>praestiterit,</span> <span class='ocrx_word' id='word_1_155' title='bbox 1019 1629 1097 1691; x_wconf 85' lang='lat' dir='ltr'>vinci</span> <span class='ocrx_word' id='word_1_156' title='bbox 1112 1647 1128 1689; x_wconf 94' lang='lat' dir='ltr'>a</span> <span class='ocrx_word' id='word_1_157' title='bbox 1143 1627 1248 1708; x_wconf 86' lang='lat' dir='ltr'>volup-</span> 
     </span>
     <span class='ocr_line' id='line_1_17' title="bbox 186 1712 1248 1793; baseline -0.002 -19"><span class='ocrx_word' id='word_1_158' title='bbox 186 1721 252 1775; x_wconf 87' lang='lat' dir='ltr'>tate.</span> <span class='ocrx_word' id='word_1_159' title='bbox 290 1715 385 1787; x_wconf 88' lang='lat' dir='ltr'>Quam</span> <span class='ocrx_word' id='word_1_160' title='bbox 402 1713 518 1775; x_wconf 90' lang='lat' dir='ltr'>obrem</span> <span class='ocrx_word' id='word_1_161' title='bbox 538 1723 567 1776; x_wconf 89' lang='lat' dir='ltr'>et</span> <span class='ocrx_word' id='word_1_162' title='bbox 581 1716 655 1777; x_wconf 90' lang='grc'>3333</span> <span class='ocrx_word' id='word_1_163' title='bbox 668 1715 793 1777; x_wconf 87' lang='lat' dir='ltr'>videnda</span> <span class='ocrx_word' id='word_1_164' title='bbox 814 1723 842 1776; x_wconf 89' lang='lat' dir='ltr'>ct</span> <span class='ocrx_word' id='word_1_165' title='bbox 857 1714 997 1793; x_wconf 85' lang='lat' dir='ltr'>pecuniae</span> <span class='ocrx_word' id='word_1_166' title='bbox 1011 1714 1148 1792; x_wconf 76' lang='lat' dir='ltr'>fugienda</span> <span class='ocrx_word' id='word_1_167' title='bbox 1166 1712 1248 1790; x_wconf 85' lang='lat' dir='ltr'>cupi·</span> 
     </span>
     <span class='ocr_line' id='line_1_18' title="bbox 82 1798 1247 1887; baseline -0.003 -27.183"><span class='ocrx_word' id='word_1_168' title='bbox 82 1864 101 1883; x_wconf 41' lang='grc' dir='ltr'><em>Ἣ</em></span> <span class='ocrx_word' id='word_1_169' title='bbox 120 1849 154 1887; x_wconf 24' lang='grc' dir='ltr'>ψ,</span> <span class='ocrx_word' id='word_1_170' title='bbox 187 1799 272 1860; x_wconf 88' lang='lat' dir='ltr'>ditas.</span> <span class='ocrx_word' id='word_1_171' title='bbox 315 1798 392 1859; x_wconf 92' lang='lat' dir='ltr'>Nihil</span> <span class='ocrx_word' id='word_1_172' title='bbox 411 1800 490 1859; x_wconf 89' lang='lat' dir='ltr'>enim</span> <span class='ocrx_word' id='word_1_173' title='bbox 510 1808 555 1860; x_wconf 90' lang='grc'>333</span> <span class='ocrx_word' id='word_1_174' title='bbox 581 1808 641 1861; x_wconf 86' lang='lat' dir='ltr'>tam</span> <span class='ocrx_word' id='word_1_175' title='bbox 666 1801 782 1885; x_wconf 78' lang='lat' dir='ltr'>angusti</span> <span class='ocrx_word' id='word_1_176' title='bbox 802 1799 892 1859; x_wconf 91' lang='lat' dir='ltr'>animi</span> <span class='ocrx_word' id='word_1_177' title='bbox 916 1805 1034 1877; x_wconf 90' lang='lat' dir='ltr'>tamque</span> <span class='ocrx_word' id='word_1_178' title='bbox 1052 1798 1133 1877; x_wconf 85' lang='lat' dir='ltr'>parvi</span> <span class='ocrx_word' id='word_1_179' title='bbox 1160 1813 1247 1875; x_wconf 87' lang='lat' dir='ltr'>quam</span> 
     </span>
     <span class='ocr_line' id='line_1_19' title="bbox 44 1874 1248 1969; baseline -0.001 -26"><span class='ocrx_word' id='word_1_180' title='bbox 44 1874 54 1897; x_wconf 80' lang='lat'>&#39;&#39;</span> <span class='ocrx_word' id='word_1_181' title='bbox 89 1886 94 1897; x_wconf 83' lang='lat'><em>&#39;</em></span> <span class='ocrx_word' id='word_1_182' title='bbox 136 1880 155 1893; x_wconf 70' lang='lat'>&#39;¹</span> <span class='ocrx_word' id='word_1_183' title='bbox 185 1901 293 1969; x_wconf 67' lang='lat' dir='ltr'>amare</span> <span class='ocrx_word' id='word_1_184' title='bbox 300 1882 423 1955; x_wconf 86' lang='lat' dir='ltr'>divitias,</span> <span class='ocrx_word' id='word_1_185' title='bbox 439 1883 511 1943; x_wconf 89' lang='lat' dir='ltr'>nihil</span> <span class='ocrx_word' id='word_1_186' title='bbox 521 1883 676 1945; x_wconf 91' lang='lat' dir='ltr'>honestius</span> <span class='ocrx_word' id='word_1_187' title='bbox 688 1882 979 1962; x_wconf 84' lang='lat' dir='ltr'>magnificentiusque</span> <span class='ocrx_word' id='word_1_188' title='bbox 990 1900 1078 1961; x_wconf 82' lang='lat' dir='ltr'>quam</span> <span class='ocrx_word' id='word_1_189' title='bbox 1091 1880 1248 1962; x_wconf 89' lang='lat' dir='ltr'>pecuniam</span> 
     </span>
     <span class='ocr_line' id='line_1_20' title="bbox 185 1965 1247 2041; baseline -0.002 -13"><span class='ocrx_word' id='word_1_190' title='bbox 185 1966 383 2041; x_wconf 76' lang='lat' dir='ltr'>contemnere,</span> <span class='ocrx_word' id='word_1_191' title='bbox 400 1968 425 2027; x_wconf 91' lang='lat' dir='ltr'>si</span> <span class='ocrx_word' id='word_1_192' title='bbox 439 1984 502 2027; x_wconf 92' lang='grc'>333</span> <span class='ocrx_word' id='word_1_193' title='bbox 516 1968 638 2029; x_wconf 87' lang='lat' dir='ltr'>habeas:</span> <span class='ocrx_word' id='word_1_194' title='bbox 655 1968 680 2029; x_wconf 93' lang='lat' dir='ltr'>si</span> <span class='ocrx_word' id='word_1_195' title='bbox 695 1968 817 2041; x_wconf 88' lang='lat' dir='ltr'>habeas,</span> <span class='ocrx_word' id='word_1_196' title='bbox 834 1967 870 2028; x_wconf 92' lang='lat' dir='ltr'>ad</span> <span class='ocrx_word' id='word_1_197' title='bbox 884 1966 1105 2027; x_wconf 86' lang='lat' dir='ltr'>beneficentiam</span> <span class='ocrx_word' id='word_1_198' title='bbox 1120 1965 1247 2028; x_wconf 90' lang='lat' dir='ltr'>liberali·</span> 
     </span>
     <span class='ocr_line' id='line_1_21' title="bbox 183 2051 1289 2131; baseline -0.001 -18"><span class='ocrx_word' id='word_1_199' title='bbox 183 2059 331 2130; x_wconf 84' lang='lat' dir='ltr'>tabemque</span> <span class='ocrx_word' id='word_1_200' title='bbox 346 2053 488 2113; x_wconf 83' lang='lat' dir='ltr'>conferre.</span> <span class='ocrx_word' id='word_1_201' title='bbox 515 2052 648 2114; x_wconf 81' lang='lat' dir='ltr'>Cavenda</span> <span class='ocrx_word' id='word_1_202' title='bbox 660 2053 746 2114; x_wconf 88' lang='lat' dir='ltr'>etiam</span> <span class='ocrx_word' id='word_1_203' title='bbox 762 2059 809 2113; x_wconf 88' lang='lat' dir='ltr'>est</span> <span class='ocrx_word' id='word_1_204' title='bbox 819 2051 928 2131; x_wconf 84' lang='lat' dir='ltr'>gloriae</span> <span class='ocrx_word' id='word_1_205' title='bbox 941 2051 1096 2131; x_wconf 82' lang='lat' dir='ltr'>cupiditas,</span> <span class='ocrx_word' id='word_1_206' title='bbox 1109 2058 1143 2113; x_wconf 93' lang='lat' dir='ltr'>ut</span> <span class='ocrx_word' id='word_1_207' title='bbox 1157 2068 1248 2130; x_wconf 91' lang='lat' dir='ltr'>supra</span> <span class='ocrx_word' id='word_1_208' title='bbox 1283 2112 1289 2121; x_wconf 19' lang='grc' dir='ltr'><strong>Χ</strong></span> 
     </span>
     <span class='ocr_line' id='line_1_22' title="bbox 148 2124 1379 2218; baseline -0.001 -22"><span class='ocrx_word' id='word_1_209' title='bbox 148 2146 156 2152; x_wconf 82' lang='grc'><strong>“</strong></span> <span class='ocrx_word' id='word_1_210' title='bbox 184 2136 256 2197; x_wconf 83' lang='lat' dir='ltr'>dixi:</span> <span class='ocrx_word' id='word_1_211' title='bbox 283 2135 369 2215; x_wconf 91' lang='lat' dir='ltr'>eripit</span> <span class='ocrx_word' id='word_1_212' title='bbox 387 2136 465 2197; x_wconf 89' lang='lat' dir='ltr'>enim</span> <span class='ocrx_word' id='word_1_213' title='bbox 488 2136 665 2211; x_wconf 89' lang='lat' dir='ltr'>libertatem,</span> <span class='ocrx_word' id='word_1_214' title='bbox 689 2146 745 2217; x_wconf 85' lang='lat' dir='ltr'>pro</span> <span class='ocrx_word' id='word_1_215' title='bbox 765 2155 821 2218; x_wconf 90' lang='lat' dir='ltr'>qua</span> <span class='ocrx_word' id='word_1_216' title='bbox 841 2136 1037 2215; x_wconf 84' lang='lat' dir='ltr'>magnanimis</span> <span class='ocrx_word' id='word_1_217' title='bbox 1056 2137 1127 2198; x_wconf 86' lang='lat' dir='ltr'>viris</span> <span class='ocrx_word' id='word_1_218' title='bbox 1149 2135 1246 2196; x_wconf 90' lang='lat' dir='ltr'>omnis</span> <span class='ocrx_word' id='word_1_219' title='bbox 1378 2124 1379 2147; x_wconf 61' lang='lat'>¹</span> 
     </span>
     <span class='ocr_line' id='line_1_23' title="bbox 131 2221 1248 2302; baseline -0.001 -20"><span class='ocrx_word' id='word_1_220' title='bbox 131 2232 164 2283; x_wconf 84' lang='grc'>39</span> <span class='ocrx_word' id='word_1_221' title='bbox 185 2221 269 2282; x_wconf 89' lang='grc'>33333</span> <span class='ocrx_word' id='word_1_222' title='bbox 284 2239 350 2282; x_wconf 89' lang='grc'>3333</span> <span class='ocrx_word' id='word_1_223' title='bbox 366 2221 523 2282; x_wconf 88' lang='lat' dir='ltr'>contentio.</span> <span class='ocrx_word' id='word_1_224' title='bbox 553 2222 614 2283; x_wconf 90' lang='lat' dir='ltr'>Nec</span> <span class='ocrx_word' id='word_1_225' title='bbox 627 2242 696 2284; x_wconf 86' lang='lat' dir='ltr'>vero</span> <span class='ocrx_word' id='word_1_226' title='bbox 717 2222 839 2302; x_wconf 91' lang='lat' dir='ltr'>imperia</span> <span class='ocrx_word' id='word_1_227' title='bbox 854 2221 1015 2302; x_wconf 85' lang='lat' dir='ltr'>expetenda</span> <span class='ocrx_word' id='word_1_228' title='bbox 1034 2240 1068 2283; x_wconf 89' lang='grc'>33</span> <span class='ocrx_word' id='word_1_229' title='bbox 1081 2222 1181 2301; x_wconf 90' lang='lat' dir='ltr'>potius</span> <span class='ocrx_word' id='word_1_230' title='bbox 1198 2228 1248 2282; x_wconf 93' lang='lat' dir='ltr'>aut</span> 
     </span>
     <span class='ocr_line' id='line_1_24' title="bbox 183 2305 1246 2387; baseline 0 -20"><span class='ocrx_word' id='word_1_231' title='bbox 183 2324 245 2367; x_wconf 92' lang='lat' dir='ltr'>non</span> <span class='ocrx_word' id='word_1_232' title='bbox 260 2305 427 2384; x_wconf 87' lang='lat' dir='ltr'>accipienda</span> <span class='ocrx_word' id='word_1_233' title='bbox 441 2306 588 2368; x_wconf 88' lang='lat' dir='ltr'>interdum</span> <span class='ocrx_word' id='word_1_234' title='bbox 603 2315 654 2368; x_wconf 88' lang='lat' dir='ltr'>aut</span> <span class='ocrx_word' id='word_1_235' title='bbox 669 2308 843 2387; x_wconf 85' lang='lat' dir='ltr'>deponenda</span> <span class='ocrx_word' id='word_1_236' title='bbox 857 2325 1104 2385; x_wconf 86' lang='lat' dir='ltr'>nonnumquam.</span> <span class='ocrx_word' id='word_1_237' title='bbox 1136 2306 1246 2367; x_wconf 86' lang='lat' dir='ltr'>Vacan-</span> 
     </span>
     <span class='ocr_line' id='line_1_25' title="bbox 182 2387 1276 2475; baseline -0.001 -24"><span class='ocrx_word' id='word_1_238' title='bbox 182 2391 254 2451; x_wconf 89' lang='lat' dir='ltr'>dum</span> <span class='ocrx_word' id='word_1_239' title='bbox 274 2397 371 2451; x_wconf 88' lang='lat' dir='ltr'>autem</span> <span class='ocrx_word' id='word_1_240' title='bbox 398 2391 480 2452; x_wconf 92' lang='lat' dir='ltr'>omni</span> <span class='ocrx_word' id='word_1_241' title='bbox 499 2398 545 2452; x_wconf 89' lang='lat' dir='ltr'>est</span> <span class='ocrx_word' id='word_1_242' title='bbox 574 2392 664 2452; x_wconf 89' lang='lat' dir='ltr'>animi</span> <span class='ocrx_word' id='word_1_243' title='bbox 690 2391 911 2471; x_wconf 88' lang='lat' dir='ltr'>perturbatione</span> <span class='ocrx_word' id='word_1_244' title='bbox 942 2409 1010 2453; x_wconf 90' lang='lat' dir='ltr'>cum</span> <span class='ocrx_word' id='word_1_245' title='bbox 1035 2390 1191 2470; x_wconf 90' lang='lat' dir='ltr'>cupiditate</span> <span class='ocrx_word' id='word_1_246' title='bbox 1216 2387 1276 2475; x_wconf 70' lang='lat' dir='ltr'>eut</span> 
     </span>
     <span class='ocr_line' id='line_1_26' title="bbox 182 2474 1247 2556; baseline -0.004 -18"><span class='ocrx_word' id='word_1_247' title='bbox 182 2484 263 2538; x_wconf 88' lang='lat' dir='ltr'>metu</span> <span class='ocrx_word' id='word_1_248' title='bbox 278 2482 341 2536; x_wconf 89' lang='lat' dir='ltr'>tum</span> <span class='ocrx_word' id='word_1_249' title='bbox 357 2475 444 2536; x_wconf 90' lang='lat' dir='ltr'>ctiam</span> <span class='ocrx_word' id='word_1_250' title='bbox 458 2475 637 2555; x_wconf 85' lang='lat' dir='ltr'>aegritudine</span> <span class='ocrx_word' id='word_1_251' title='bbox 653 2485 682 2538; x_wconf 90' lang='lat' dir='ltr'>et</span> <span class='ocrx_word' id='word_1_252' title='bbox 695 2477 843 2556; x_wconf 89' lang='lat' dir='ltr'>voluptate</span> <span class='ocrx_word' id='word_1_253' title='bbox 861 2477 978 2555; x_wconf 86' lang='lat' dir='ltr'>[animi]</span> <span class='ocrx_word' id='word_1_254' title='bbox 996 2484 1024 2538; x_wconf 92' lang='lat' dir='ltr'>et</span> <span class='ocrx_word' id='word_1_255' title='bbox 1037 2474 1198 2548; x_wconf 89' lang='lat' dir='ltr'>iracundia,</span> <span class='ocrx_word' id='word_1_256' title='bbox 1213 2482 1247 2534; x_wconf 92' lang='lat' dir='ltr'>ut</span> 
     </span>
     <span class='ocr_line' id='line_1_27' title="bbox 182 2559 1290 2642; baseline 0 -22"><span class='ocrx_word' id='word_1_257' title='bbox 182 2559 376 2640; x_wconf 88' lang='lat' dir='ltr'>tranquillitas</span> <span class='ocrx_word' id='word_1_258' title='bbox 392 2559 482 2622; x_wconf 86' lang='lat' dir='ltr'>animi</span> <span class='ocrx_word' id='word_1_259' title='bbox 498 2570 527 2621; x_wconf 91' lang='grc'>33</span> <span class='ocrx_word' id='word_1_260' title='bbox 542 2561 682 2624; x_wconf 87' lang='lat' dir='ltr'>securitas</span> <span class='ocrx_word' id='word_1_261' title='bbox 704 2563 793 2635; x_wconf 91' lang='lat' dir='ltr'>adsit,</span> <span class='ocrx_word' id='word_1_262' title='bbox 814 2581 886 2642; x_wconf 91' lang='lat' dir='ltr'>quae</span> <span class='ocrx_word' id='word_1_263' title='bbox 905 2563 998 2623; x_wconf 82' lang='lat' dir='ltr'>adfert</span> <span class='ocrx_word' id='word_1_264' title='bbox 1017 2579 1084 2622; x_wconf 93' lang='lat' dir='ltr'>cum</span> <span class='ocrx_word' id='word_1_265' title='bbox 1104 2567 1245 2621; x_wconf 87' lang='lat' dir='ltr'>constan·</span> <span class='ocrx_word' id='word_1_266' title='bbox 1287 2572 1290 2578; x_wconf 85' lang='lat'>&#39;</span> 
     </span>
     <span class='ocr_line' id='line_1_28' title="bbox 182 2644 1246 2726; baseline 0 -22"><span class='ocrx_word' id='word_1_267' title='bbox 182 2645 252 2705; x_wconf 89' lang='lat' dir='ltr'>tiam</span> <span class='ocrx_word' id='word_1_268' title='bbox 269 2645 434 2706; x_wconf 80' lang='lat' dir='ltr'>tumeliam</span> <span class='ocrx_word' id='word_1_269' title='bbox 451 2647 629 2724; x_wconf 85' lang='lat' dir='ltr'>dignitatem.</span> <span class='ocrx_word' id='word_1_270' title='bbox 658 2647 740 2708; x_wconf 90' lang='grc' dir='ltr'>Μ3131</span> <span class='ocrx_word' id='word_1_271' title='bbox 759 2655 856 2709; x_wconf 84' lang='lat' dir='ltr'>autem</span> <span class='ocrx_word' id='word_1_272' title='bbox 871 2656 900 2708; x_wconf 92' lang='lat' dir='ltr'>et</span> <span class='ocrx_word' id='word_1_273' title='bbox 914 2655 988 2708; x_wconf 89' lang='lat' dir='ltr'>sunt</span> <span class='ocrx_word' id='word_1_274' title='bbox 1003 2653 1032 2707; x_wconf 92' lang='lat' dir='ltr'>ct</span> <span class='ocrx_word' id='word_1_275' title='bbox 1047 2646 1177 2719; x_wconf 88' lang='lat' dir='ltr'>luerunt,</span> <span class='ocrx_word' id='word_1_276' title='bbox 1197 2644 1246 2726; x_wconf 91' lang='lat' dir='ltr'>qui</span> 
     </span>
     <span class='ocr_line' id='line_1_29' title="bbox 182 2729 1246 2811; baseline 0.002 -23"><span class='ocrx_word' id='word_1_277' title='bbox 182 2747 256 2801; x_wconf 89' lang='lat' dir='ltr'>eam,</span> <span class='ocrx_word' id='word_1_278' title='bbox 273 2747 361 2807; x_wconf 89' lang='lat' dir='ltr'>quam</span> <span class='ocrx_word' id='word_1_279' title='bbox 377 2729 453 2802; x_wconf 89' lang='lat' dir='ltr'>dico,</span> <span class='ocrx_word' id='word_1_280' title='bbox 468 2731 702 2810; x_wconf 83' lang='lat' dir='ltr'>tranquillitatem</span> <span class='ocrx_word' id='word_1_281' title='bbox 718 2739 885 2811; x_wconf 81' lang='lat' dir='ltr'>expetentes</span> <span class='ocrx_word' id='word_1_282' title='bbox 901 2750 916 2791; x_wconf 92' lang='grc'>3</span> <span class='ocrx_word' id='word_1_283' title='bbox 931 2730 1057 2810; x_wconf 90' lang='lat' dir='ltr'>negotiis</span> <span class='ocrx_word' id='word_1_284' title='bbox 1072 2729 1197 2809; x_wconf 89' lang='lat' dir='ltr'>publicis</span> <span class='ocrx_word' id='word_1_285' title='bbox 1213 2748 1246 2790; x_wconf 88' lang='grc'>33</span> 
     </span>
     <span class='ocr_line' id='line_1_30' title="bbox 181 2813 1245 2896; baseline -0.001 -22"><span class='ocrx_word' id='word_1_286' title='bbox 181 2821 369 2874; x_wconf 87' lang='lat' dir='ltr'>removerunt</span> <span class='ocrx_word' id='word_1_287' title='bbox 384 2814 420 2874; x_wconf 94' lang='lat' dir='ltr'>ad</span> <span class='ocrx_word' id='word_1_288' title='bbox 436 2813 586 2894; x_wconf 88' lang='lat' dir='ltr'>otiumque</span> <span class='ocrx_word' id='word_1_289' title='bbox 601 2818 804 2896; x_wconf 87' lang='lat' dir='ltr'>perfugerunt:</span> <span class='ocrx_word' id='word_1_290' title='bbox 825 2816 856 2876; x_wconf 92' lang='lat' dir='ltr'>in</span> <span class='ocrx_word' id='word_1_291' title='bbox 877 2815 923 2876; x_wconf 91' lang='lat' dir='ltr'>his</span> <span class='ocrx_word' id='word_1_292' title='bbox 939 2823 968 2876; x_wconf 93' lang='lat' dir='ltr'>et</span> <span class='ocrx_word' id='word_1_293' title='bbox 985 2813 1162 2875; x_wconf 90' lang='lat' dir='ltr'>nobilissimi</span> <span class='ocrx_word' id='word_1_294' title='bbox 1177 2814 1245 2893; x_wconf 92' lang='lat' dir='ltr'>pbi-</span> 
     </span>
    </p>
   </div>
   <div class='ocr_carea' id='block_1_4' title="bbox 172 2980 1247 4004">
    <p class='ocr_par' dir='ltr' id='par_1_4' title="bbox 180 2980 1245 3184">
     <span class='ocr_line' id='line_1_31' title="bbox 215 2980 1245 3052; baseline 0.003 -21"><span class='ocrx_word' id='word_1_295' title='bbox 215 2980 257 3031; x_wconf 82' lang='grc'>67.</span> <span class='ocrx_word' id='word_1_296' title='bbox 275 2981 419 3048; x_wconf 68' lang='lat' dir='ltr'>utilitatem,</span> <span class='ocrx_word' id='word_1_297' title='bbox 425 2982 685 3035; x_wconf 84' lang='lat' dir='ltr'>niimlicbderNutaen</span> <span class='ocrx_word' id='word_1_298' title='bbox 739 2984 813 3034; x_wconf 88' lang='grc'>11333.</span> <span class='ocrx_word' id='word_1_299' title='bbox 822 2983 901 3033; x_wconf 86' lang='grc'>33333</span> <span class='ocrx_word' id='word_1_300' title='bbox 912 2983 1030 3052; x_wconf 76' lang='lat' dir='ltr'>voluptas</span> <span class='ocrx_word' id='word_1_301' title='bbox 1039 2986 1126 3046; x_wconf 79' lang='grc'>331331,</span> <span class='ocrx_word' id='word_1_302' title='bbox 1137 2998 1179 3034; x_wconf 85' lang='lat' dir='ltr'>wo</span> <span class='ocrx_word' id='word_1_303' title='bbox 1188 2984 1245 3034; x_wconf 82' lang='grc'>331·</span> 
     </span>
     <span class='ocr_line' id='line_1_32' title="bbox 180 3050 1245 3116; baseline 0.003 -17"><span class='ocrx_word' id='word_1_304' title='bbox 180 3050 243 3100; x_wconf 91' lang='grc'>3333</span> <span class='ocrx_word' id='word_1_305' title='bbox 255 3065 355 3116; x_wconf 87' lang='grc'>333333,</span> <span class='ocrx_word' id='word_1_306' title='bbox 366 3051 432 3101; x_wconf 86' lang='grc'>3333</span> <span class='ocrx_word' id='word_1_307' title='bbox 443 3052 498 3101; x_wconf 89' lang='lat' dir='ltr'>dem</span> <span class='ocrx_word' id='word_1_308' title='bbox 507 3050 641 3102; x_wconf 87' lang='lat' dir='ltr'>Meuscbcn</span> <span class='ocrx_word' id='word_1_309' title='bbox 654 3067 686 3103; x_wconf 89' lang='grc'>33</span> <span class='ocrx_word' id='word_1_310' title='bbox 738 3054 776 3102; x_wconf 84' lang='lat' dir='ltr'>mi</span> <span class='ocrx_word' id='word_1_311' title='bbox 786 3052 827 3102; x_wconf 88' lang='lat' dir='ltr'>eiu</span> <span class='ocrx_word' id='word_1_312' title='bbox 839 3052 965 3116; x_wconf 84' lang='lat' dir='ltr'>miissiger</span> <span class='ocrx_word' id='word_1_313' title='bbox 976 3052 1026 3101; x_wconf 91' lang='grc'>333</span> <span class='ocrx_word' id='word_1_314' title='bbox 1039 3052 1126 3103; x_wconf 85' lang='lat' dir='ltr'>darum</span> <span class='ocrx_word' id='word_1_315' title='bbox 1135 3052 1205 3102; x_wconf 89' lang='grc'>31333</span> <span class='ocrx_word' id='word_1_316' title='bbox 1213 3067 1245 3102; x_wconf 84' lang='grc'>33</span> 
     </span>
     <span class='ocr_line' id='line_1_33' title="bbox 181 3117 1244 3184; baseline 0.002 -17"><span class='ocrx_word' id='word_1_317' title='bbox 181 3118 234 3168; x_wconf 90' lang='grc'>3133</span> <span class='ocrx_word' id='word_1_318' title='bbox 246 3117 351 3169; x_wconf 87' lang='lat' dir='ltr'>beilsam</span> <span class='ocrx_word' id='word_1_319' title='bbox 360 3118 443 3169; x_wconf 88' lang='grc'>133313</span> <span class='ocrx_word' id='word_1_320' title='bbox 452 3120 545 3169; x_wconf 88' lang='grc'>333333</span> <span class='ocrx_word' id='word_1_321' title='bbox 555 3120 604 3171; x_wconf 81' lang='lat' dir='ltr'>Art</span> <span class='ocrx_word' id='word_1_322' title='bbox 613 3122 684 3172; x_wconf 86' lang='grc'>3333.</span> <span class='ocrx_word' id='word_1_323' title='bbox 738 3119 878 3170; x_wconf 87' lang='grc'>331333333</span> <span class='ocrx_word' id='word_1_324' title='bbox 894 3119 990 3171; x_wconf 86' lang='lat' dir='ltr'>Zusatz</span> <span class='ocrx_word' id='word_1_325' title='bbox 1009 3120 1057 3184; x_wconf 91' lang='grc'>133,</span> <span class='ocrx_word' id='word_1_326' title='bbox 1078 3121 1140 3170; x_wconf 84' lang='lat' dir='ltr'>aucti</span> <span class='ocrx_word' id='word_1_327' title='bbox 1155 3121 1244 3183; x_wconf 72' lang='lat' dir='ltr'>nimia,</span> 
     </span>
    </p>

    <p class='ocr_par' dir='ltr' id='par_1_5' title="bbox 214 3186 1246 3256">
     <span class='ocr_line' id='line_1_34' title="bbox 214 3186 1246 3256; baseline 0.001 -21"><span class='ocrx_word' id='word_1_328' title='bbox 214 3189 285 3236; x_wconf 80' lang='grc'>33333</span> <span class='ocrx_word' id='word_1_329' title='bbox 295 3189 420 3237; x_wconf 64' lang='lat' dir='ltr'>nemeae:</span> <span class='ocrx_word' id='word_1_330' title='bbox 430 3202 451 3236; x_wconf 94' lang='grc'>3.</span> <span class='ocrx_word' id='word_1_331' title='bbox 465 3187 531 3238; x_wconf 84' lang='grc'>11131.</span> <span class='ocrx_word' id='word_1_332' title='bbox 738 3186 995 3254; x_wconf 61' lang='grc' dir='ltr'>3333131533333ᾖ.</span> <span class='ocrx_word' id='word_1_333' title='bbox 1005 3187 1246 3256; x_wconf 73' lang='grc'>10233133333333</span> 
     </span>
    </p>

    <p class='ocr_par' dir='ltr' id='par_1_6' title="bbox 216 3251 1246 3322">
     <span class='ocr_line' id='line_1_35' title="bbox 216 3251 1246 3322; baseline 0.006 -22"><span class='ocrx_word' id='word_1_334' title='bbox 216 3251 685 3322; x_wconf 78' lang='lat' dir='ltr'>68.otdeuda‚d.i.curauda,§.43.145.</span> <span class='ocrx_word' id='word_1_335' title='bbox 739 3270 784 3306; x_wconf 91' lang='lat' dir='ltr'>aus</span> <span class='ocrx_word' id='word_1_336' title='bbox 804 3258 886 3307; x_wconf 77' lang='grc'>333333</span> <span class='ocrx_word' id='word_1_337' title='bbox 903 3257 1018 3320; x_wconf 83' lang='lat' dir='ltr'>gemacht</span> <span class='ocrx_word' id='word_1_338' title='bbox 1034 3256 1127 3320; x_wconf 86' lang='grc'>33333,</span> <span class='ocrx_word' id='word_1_339' title='bbox 1149 3255 1246 3306; x_wconf 85' lang='grc'>3333133</span> 
     </span>
    </p>

    <p class='ocr_par' dir='ltr' id='par_1_7' title="bbox 172 3318 1247 4004">
     <span class='ocr_line' id='line_1_36' title="bbox 216 3318 1244 3390; baseline 0.004 -22"><span class='ocrx_word' id='word_1_340' title='bbox 216 3318 257 3369; x_wconf 85' lang='grc'>69.</span> <span class='ocrx_word' id='word_1_341' title='bbox 275 3319 413 3387; x_wconf 72' lang='grc'>3333333333</span> <span class='ocrx_word' id='word_1_342' title='bbox 428 3325 455 3371; x_wconf 87' lang='grc'>33</span> <span class='ocrx_word' id='word_1_343' title='bbox 464 3327 547 3373; x_wconf 75' lang='grc'>33333.</span> <span class='ocrx_word' id='word_1_344' title='bbox 572 3323 687 3375; x_wconf 77' lang='grc'>11133133</span> <span class='ocrx_word' id='word_1_345' title='bbox 738 3323 808 3375; x_wconf 90' lang='grc'>31333</span> <span class='ocrx_word' id='word_1_346' title='bbox 816 3324 931 3390; x_wconf 87' lang='lat' dir='ltr'>passend.</span> <span class='ocrx_word' id='word_1_347' title='bbox 950 3321 1244 3375; x_wconf 65' lang='grc'>(11311333333333113-</span> 
     </span>
     <span class='ocr_line' id='line_1_37' title="bbox 180 3387 1244 3458; baseline 0.003 -21"><span class='ocrx_word' id='word_1_348' title='bbox 180 3387 335 3454; x_wconf 78' lang='grc'>11333333333</span> <span class='ocrx_word' id='word_1_349' title='bbox 347 3387 393 3438; x_wconf 88' lang='grc'>333</span> <span class='ocrx_word' id='word_1_350' title='bbox 400 3387 577 3441; x_wconf 76' lang='grc'>331333333313</span> <span class='ocrx_word' id='word_1_351' title='bbox 588 3391 686 3442; x_wconf 88' lang='grc'>331333</span> <span class='ocrx_word' id='word_1_352' title='bbox 739 3392 781 3456; x_wconf 83' lang='lat' dir='ltr'>gel</span> <span class='ocrx_word' id='word_1_353' title='bbox 792 3394 837 3442; x_wconf 87' lang='grc'>333</span> <span class='ocrx_word' id='word_1_354' title='bbox 848 3393 957 3443; x_wconf 90' lang='grc'>33313333</span> <span class='ocrx_word' id='word_1_355' title='bbox 968 3387 1056 3457; x_wconf 76' lang='grc' dir='ltr'><em>ἡδονή</em></span> <span class='ocrx_word' id='word_1_356' title='bbox 1065 3392 1121 3441; x_wconf 92' lang='grc'>3133</span> <span class='ocrx_word' id='word_1_357' title='bbox 1127 3391 1244 3458; x_wconf 72' lang='lat' dir='ltr'>uoluptas</span> 
     </span>
     <span class='ocr_line' id='line_1_38' title="bbox 180 3455 1247 3525; baseline 0.001 -19"><span class='ocrx_word' id='word_1_358' title='bbox 180 3455 301 3507; x_wconf 81' lang='lat' dir='ltr'>Stuikcrn</span> <span class='ocrx_word' id='word_1_359' title='bbox 313 3455 368 3506; x_wconf 91' lang='grc'>3133</span> <span class='ocrx_word' id='word_1_360' title='bbox 377 3457 519 3524; x_wconf 64' lang='grc'>333-333333,</span> <span class='ocrx_word' id='word_1_361' title='bbox 531 3456 628 3509; x_wconf 68' lang='grc'>1133333</span> <span class='ocrx_word' id='word_1_362' title='bbox 639 3474 687 3510; x_wconf 87' lang='lat' dir='ltr'>vor</span> <span class='ocrx_word' id='word_1_363' title='bbox 739 3460 788 3509; x_wconf 92' lang='lat' dir='ltr'>und</span> <span class='ocrx_word' id='word_1_364' title='bbox 798 3460 896 3511; x_wconf 84' lang='grc'>3311333</span> <span class='ocrx_word' id='word_1_365' title='bbox 905 3461 959 3512; x_wconf 87' lang='grc'>3133</span> <span class='ocrx_word' id='word_1_366' title='bbox 970 3460 1068 3511; x_wconf 76' lang='grc'>33333333</span> <span class='ocrx_word' id='word_1_367' title='bbox 1077 3462 1194 3525; x_wconf 76' lang='lat' dir='ltr'>gestiam</span> <span class='ocrx_word' id='word_1_368' title='bbox 1205 3458 1247 3508; x_wconf 82' lang='grc'>333</span> 
     </span>
     <span class='ocr_line' id='line_1_39' title="bbox 180 3524 1245 3593; baseline 0.001 -19"><span class='ocrx_word' id='word_1_369' title='bbox 180 3525 482 3589; x_wconf 82' lang='lat' dir='ltr'>einemgcgenwiirtigcn,</span> <span class='ocrx_word' id='word_1_370' title='bbox 494 3526 688 3593; x_wconf 79' lang='lat' dir='ltr'>metur,Furelrt</span> <span class='ocrx_word' id='word_1_371' title='bbox 738 3529 827 3580; x_wconf 79' lang='grc'>33313.</span> <span class='ocrx_word' id='word_1_372' title='bbox 850 3531 932 3579; x_wconf 79' lang='lat' dir='ltr'>animi</span> <span class='ocrx_word' id='word_1_373' title='bbox 939 3527 1093 3578; x_wconf 89' lang='grc'>3333133333</span> <span class='ocrx_word' id='word_1_374' title='bbox 1107 3524 1245 3575; x_wconf 87' lang='grc'>33333133-</span> 
     </span>
     <span class='ocr_line' id='line_1_40' title="bbox 179 3592 1242 3664; baseline 0.004 -24"><span class='ocrx_word' id='word_1_375' title='bbox 179 3607 227 3641; x_wconf 88' lang='lat' dir='ltr'>vor</span> <span class='ocrx_word' id='word_1_376' title='bbox 233 3593 316 3642; x_wconf 84' lang='lat' dir='ltr'>einen</span> <span class='ocrx_word' id='word_1_377' title='bbox 326 3592 488 3659; x_wconf 69' lang='lat' dir='ltr'>zukdnltigen</span> <span class='ocrx_word' id='word_1_378' title='bbox 497 3593 585 3659; x_wconf 87' lang='lat' dir='ltr'>Uebel,</span> <span class='ocrx_word' id='word_1_379' title='bbox 597 3595 686 3664; x_wconf 75' lang='lat' dir='ltr'>ecdip-</span> <span class='ocrx_word' id='word_1_380' title='bbox 739 3594 1242 3657; x_wconf 56' lang='grc'>333331133313133333313333333333333.</span> 
     </span>
     <span class='ocr_line' id='line_1_41' title="bbox 181 3659 1245 3728; baseline 0.003 -20"><span class='ocrx_word' id='word_1_381' title='bbox 181 3660 284 3709; x_wconf 81' lang='grc'>333333</span> <span class='ocrx_word' id='word_1_382' title='bbox 292 3659 377 3727; x_wconf 74' lang='lat' dir='ltr'>libido,</span> <span class='ocrx_word' id='word_1_383' title='bbox 391 3661 491 3713; x_wconf 84' lang='lat' dir='ltr'>Frende</span> <span class='ocrx_word' id='word_1_384' title='bbox 504 3677 535 3712; x_wconf 90' lang='lat' dir='ltr'>an</span> <span class='ocrx_word' id='word_1_385' title='bbox 548 3663 629 3714; x_wconf 86' lang='grc'>313333</span> <span class='ocrx_word' id='word_1_386' title='bbox 640 3679 686 3728; x_wconf 84' lang='lat' dir='ltr'>ge·</span> <span class='ocrx_word' id='word_1_387' title='bbox 771 3666 797 3714; x_wconf 80' lang='lat' dir='ltr'>in</span> <span class='ocrx_word' id='word_1_388' title='bbox 823 3664 876 3727; x_wconf 72' lang='grc'>133,</span> <span class='ocrx_word' id='word_1_389' title='bbox 905 3664 960 3714; x_wconf 89' lang='grc'>3133</span> <span class='ocrx_word' id='word_1_390' title='bbox 987 3660 1245 3724; x_wconf 79' lang='lat' dir='ltr'>Znsummenziebung</span> 
     </span>
     <span class='ocr_line' id='line_1_42' title="bbox 172 3726 1244 3795; baseline 0.004 -20"><span class='ocrx_word' id='word_1_391' title='bbox 172 3726 352 3790; x_wconf 63' lang='lat' dir='ltr'>‘genwirtigen</span> <span class='ocrx_word' id='word_1_392' title='bbox 367 3730 510 3780; x_wconf 81' lang='grc'>33331333</span> <span class='ocrx_word' id='word_1_393' title='bbox 523 3730 685 3795; x_wconf 76' lang='lat' dir='ltr'>zullinltigen</span> <span class='ocrx_word' id='word_1_394' title='bbox 739 3731 921 3782; x_wconf 74' lang='lat' dir='ltr'>nwcierSitze</span> <span class='ocrx_word' id='word_1_395' title='bbox 931 3733 955 3780; x_wconf 92' lang='grc'>13</span> <span class='ocrx_word' id='word_1_396' title='bbox 966 3730 1047 3781; x_wconf 87' lang='grc'>31333.</span> <span class='ocrx_word' id='word_1_397' title='bbox 1066 3730 1154 3794; x_wconf 72' lang='lat' dir='ltr'>(mdis</span> <span class='ocrx_word' id='word_1_398' title='bbox 1163 3733 1190 3780; x_wconf 86' lang='grc'>33</span> <span class='ocrx_word' id='word_1_399' title='bbox 1196 3743 1244 3779; x_wconf 84' lang='grc'>33-</span> 
     </span>
     <span class='ocr_line' id='line_1_43' title="bbox 180 3791 1243 3867; baseline 0 -22"><span class='ocrx_word' id='word_1_400' title='bbox 180 3792 255 3845; x_wconf 73' lang='grc'>(3333.</span> <span class='ocrx_word' id='word_1_401' title='bbox 279 3791 355 3845; x_wconf 72' lang='grc'>1333.</span> <span class='ocrx_word' id='word_1_402' title='bbox 367 3795 411 3862; x_wconf 88' lang='grc' dir='ltr'>ΠΙ,</span> <span class='ocrx_word' id='word_1_403' title='bbox 430 3797 473 3860; x_wconf 90' lang='grc'>11,</span> <span class='ocrx_word' id='word_1_404' title='bbox 489 3794 531 3848; x_wconf 80' lang='lat'>24.</span> <span class='ocrx_word' id='word_1_405' title='bbox 549 3797 583 3847; x_wconf 95' lang='lat' dir='ltr'>lV</span> <span class='ocrx_word' id='word_1_406' title='bbox 605 3797 629 3862; x_wconf 82' lang='lat' dir='ltr'>o,</span> <span class='ocrx_word' id='word_1_407' title='bbox 644 3798 684 3859; x_wconf 77' lang='lat'>11.</span> <span class='ocrx_word' id='word_1_408' title='bbox 739 3798 856 3850; x_wconf 78' lang='grc'>3311333133</span> <span class='ocrx_word' id='word_1_409' title='bbox 868 3799 1016 3867; x_wconf 71' lang='lat' dir='ltr'>philosophi</span> <span class='ocrx_word' id='word_1_410' title='bbox 1026 3826 1058 3835; x_wconf 91' lang='lat'><em>-</em></span> <span class='ocrx_word' id='word_1_411' title='bbox 1073 3796 1189 3860; x_wconf 85' lang='grc'>1333333,</span> <span class='ocrx_word' id='word_1_412' title='bbox 1202 3797 1243 3863; x_wconf 80' lang='lat' dir='ltr'>qui</span> 
     </span>
     <span class='ocr_line' id='line_1_44' title="bbox 179 3835 1038 3935; baseline 0.009 -25"><span class='ocrx_word' id='word_1_413' title='bbox 179 3860 316 3912; x_wconf 73' lang='lat' dir='ltr'>Der-‘Zoro</span> <span class='ocrx_word' id='word_1_414' title='bbox 332 3861 367 3914; x_wconf 91' lang='grc'>133</span> <span class='ocrx_word' id='word_1_415' title='bbox 382 3865 445 3915; x_wconf 88' lang='grc'>3333</span> <span class='ocrx_word' id='word_1_416' title='bbox 460 3864 536 3916; x_wconf 80' lang='lat' dir='ltr'>Tusa.</span> <span class='ocrx_word' id='word_1_417' title='bbox 552 3835 594 3930; x_wconf 60' lang='lat' dir='ltr'>lt),</span> <span class='ocrx_word' id='word_1_418' title='bbox 612 3866 636 3933; x_wconf 83' lang='lat'>9,</span> <span class='ocrx_word' id='word_1_419' title='bbox 652 3866 683 3917; x_wconf 81' lang='lat'>21</span> <span class='ocrx_word' id='word_1_420' title='bbox 729 3867 811 3932; x_wconf 74' lang='lat' dir='ltr'>serre</span> <span class='ocrx_word' id='word_1_421' title='bbox 820 3868 988 3935; x_wconf 69' lang='lat' dir='ltr'>putruerunt.)</span> <span class='ocrx_word' id='word_1_422' title='bbox 1037 3906 1038 3909; x_wconf 66' lang='lat'>,</span> 
     </span>
     <span class='ocr_line' id='line_1_45' title="bbox 180 3928 1243 4004; baseline 0.007 -28"><span class='ocrx_word' id='word_1_423' title='bbox 180 3941 228 3978; x_wconf 85' lang='lat' dir='ltr'>nur</span> <span class='ocrx_word' id='word_1_424' title='bbox 248 3929 303 3979; x_wconf 90' lang='grc'>3133</span> <span class='ocrx_word' id='word_1_425' title='bbox 320 3928 441 3982; x_wconf 79' lang='grc'>[13333333</span> <span class='ocrx_word' id='word_1_426' title='bbox 461 3934 507 3984; x_wconf 86' lang='lat' dir='ltr'>der</span> <span class='ocrx_word' id='word_1_427' title='bbox 526 3932 611 3985; x_wconf 79' lang='grc'>133333.</span> <span class='ocrx_word' id='word_1_428' title='bbox 638 3934 684 3984; x_wconf 81' lang='lat' dir='ltr'>llic</span> <span class='ocrx_word' id='word_1_429' title='bbox 771 3934 924 3987; x_wconf 70' lang='grc'>3333333333</span> <span class='ocrx_word' id='word_1_430' title='bbox 944 3934 1104 4004; x_wconf 72' lang='lat' dir='ltr'>philosophi:</span> <span class='ocrx_word' id='word_1_431' title='bbox 1128 3935 1158 3983; x_wconf 95' lang='grc'>33</span> <span class='ocrx_word' id='word_1_432' title='bbox 1179 3937 1243 3983; x_wconf 81' lang='lat' dir='ltr'>orat.</span> 
     </span>
    </p>
   </div>
   <div class='ocr_carea' id='block_1_5' title="bbox 0 0 1392 4502">
    <p class='ocr_par' dir='ltr' id='par_1_8' title="bbox 0 0 1392 4502">
     <span class='ocr_line' id='line_1_46' title="bbox 0 0 1392 4502; baseline 0 2"><span class='ocrx_word' id='word_1_433' title='bbox 0 0 1392 4502; x_wconf 95' lang='lat' dir='ltr'> </span> 
     </span>
    </p>
   </div>
  </div>
 </body>
</html>
