2776 4502
541 330 601 382 LlB.
614 327 634 383 l.
663 331 734 383 CAP.
747 330 789 383 30.
1151 331 1192 394 79

131 504 278 548 summam
294 486 496 549 auctoritatem
517 492 693 547 consecutos
715 485 778 546 sine
792 484 849 546 ulla
868 483 1021 546 hilaritate.
1052 483 1192 547 Callidum

130 570 321 633 Hannibalem
336 590 371 633 ex
383 571 563 645 Poenorum,
579 589 614 630 ex
628 569 741 631 nostris
753 568 876 630 ducibus
889 568 924 640 Q.
936 569 1094 630 Maximum
1109 587 1192 631 acce·

129 657 229 738 pimus
244 655 325 717 lacile
346 656 439 718 celare
459 663 564 728 tacere,
584 654 769 717 dissimulare
786 653 930 728 insidiari,
949 654 1117 734 praeripere
1134 654 1193 715 ho·

130 741 220 803 stium
236 740 365 802 consilia.
395 741 429 802 ln
445 758 504 818 quo
520 757 625 820 genere
636 739 738 802 Graeci
748 739 976 825 Themistoclem
991 746 1020 820 et
1029 739 1195 801 Pheraeum

129 827 264 888 Iasonem
284 825 386 886 ceteris
401 832 591 904 anteponunt.
623 825 656 886 ln
671 823 835 904 primisque
851 831 1002 887 versutum
1016 832 1045 887 et
1059 822 1194 887 callidum

129 913 239 972 factum
253 909 382 984 Solonis,
397 910 454 990 qui,
469 926 528 989 quo
544 917 572 971 et
585 910 678 972 tutior
691 910 753 972 eius
764 909 821 972 vita
832 918 911 972 esset
925 917 954 971 et
967 910 1034 989 plus
1046 909 1193 990 aliquanto

130 996 173 1057 rei
187 993 322 1076 publicae
336 996 501 1074 prodesset,
517 996 612 1057 furere
627 1015 659 1057 se
675 995 830 1056 simulavit.
857 994 935 1056 Sunt
948 995 996 1056 his
1007 994 1054 1056 alii
1068 993 1194 1055 multum
1216 1005 1265 1057 109

130 1080 277 1160 dispares,
299 1080 446 1160 simplices
467 1087 495 1141 et
509 1080 615 1161 aperti,
636 1079 686 1161 qui
700 1078 772 1141 nihil
788 1099 823 1141 ex
838 1080 967 1153 occulto,
981 1078 1056 1141 nihil
1070 1079 1106 1140 de
1118 1064 1224 1168 inei-Olx
1325 1121 1334 1177 ,

131 1165 186 1226 diis
201 1166 347 1245 agendum
362 1172 478 1246 putent,
498 1163 627 1227 veritatis
644 1165 784 1240 cultores
799 1164 909 1227 fraudis
924 1164 1049 1239 inimici,
1065 1164 1194 1244 itemque
1222 1112 1314 1251 CT]

90 1292 92 1297 .
130 1251 186 1324 alii,
202 1250 252 1330 qui
267 1249 381 1329 quidvis
396 1251 609 1331 perpetientur,
625 1250 715 1313 cuivis
731 1250 908 1323 deserviant,
925 1250 996 1312 dum
1012 1249 1092 1329 quod
1107 1248 1195 1310 velint
1307 1135 1352 1361 ἐ

131 1343 361 1415 consequantur,
377 1344 409 1397 ut
425 1335 536 1397 Sullam
550 1344 580 1397 et
594 1335 633 1397 hl.
649 1335 788 1397 Crassum
803 1334 983 1396 videbamus.
1014 1335 1079 1407 Quo
1096 1332 1127 1394 in
1143 1351 1194 1412 ge·
1289 1308 1324 1394 lh

130 1438 200 1482 nere
210 1419 444 1482 versutissimum
456 1420 718 1482 Lacedaemonium
728 1419 913 1501 Lysandrum
926 1418 1103 1498 accepimus,
1120 1435 1194 1480 con·
1284 1418 1339 1505 555
1379 1432 1380 1459 1

130 1515 234 1585 traque
252 1503 477 1577 Callidemidem,
498 1505 548 1583 qui
567 1499 732 1585 praefectus
755 1504 857 1566 classis
877 1503 1033 1584 proximus
1052 1510 1123 1583 post
1135 1502 1194 1582 Ly·

21 1623 34 1634 ·
133 1589 273 1650 sandrum
291 1589 356 1662 luit,
376 1588 503 1669 itemque
518 1589 548 1650 in
564 1591 750 1652 sermonibus
766 1589 854 1672 aliurn
870 1588 1002 1668 quamvis
1017 1595 1194 1668 praepotens

132 1674 183 1748 sit,
203 1674 318 1734 efficere
332 1681 366 1736 ut
379 1691 457 1735 unus
477 1673 514 1734 de
535 1673 634 1736 miritis
655 1693 721 1736 esse
734 1674 880 1734 videatur:
901 1674 980 1753 quod
998 1673 1029 1733 in
1044 1671 1146 1733 Catulo
1166 1680 1195 1732 et

131 1759 161 1820 in
173 1766 256 1839 patre
265 1765 294 1843 et
304 1758 335 1819 in
350 1757 409 1819 lilio
424 1758 562 1838 idemque
572 1759 603 1819 in
615 1761 652 1832 Q.
664 1758 916 1830 lllucio†hleneia
926 1756 1064 1819 vidimus.
1091 1755 1196 1817 Audivi
1301 1807 1307 1811 .

131 1939 181 1995 τὸν
192 1940 278 2012 λόγον
287 1938 397 2010 ὑψηλὸν
406 1938 582 2012 εἶχε-ἀλλά
591 1942 638 1995 καὶ
691 1960 752 1996 rum
775 1958 864 1996 rerum
887 1958 917 1993 σα
932 1958 1057 1994 menneo
1076 1910 1198 2013 pauesce

131 2026 155 2061 π
173 2006 285 2068 occidor
297 2006 432 2068 σύστασις
442 2004 591 2082 ἄθρυπτος
599 2012 639 2070 εὶς
690 2011 811 2079 largitor.
828 2011 895 2062 Plut.
904 2011 978 2062 stellt
986 2012 1028 2061 ihu
1040 2009 1145 2062 deshalh
1151 2010 1198 2061 mit

63 2102 69 2109 ⁴
129 2028 244 2147 Ανςλιπιι.
690 2080 824 2148 Lysander
834 2094 988 2131 zusammen.

167 2146 411 2211 Q.Ma.cr'rreus.·l,2
448 2148 508 2199 84„
726 2147 762 2199 Μ.
780 2146 905 2199 Croesus:
930 2145 955 2213 ξ.
969 2146 1010 2196 25.
1035 2144 1195 2211 111,18‚73.

166 2213 255 2279 Iason,
276 2215 298 2265 'l'
318 2231 379 2266 rann
398 2231 446 2265 von
462 2215 571 2281 Pherae,
592 2216 639 2267 der
691 2216 758 2267 Plut.
777 2214 862 2267 Crass.
880 2214 896 2265 6
921 2216 1013 2264 καίτοι
1038 2208 1198 2270 δεινότατος

132 2283 186 2332 sich
204 2283 281 2332 durch
293 2231 413 2348 Clugheit
428 2285 478 2333 und
491 2282 639 2350 Taplerkeit
690 2273 725 2351 ἦν
745 2277 880 2347 Κράσσος
898 2277 1007 2339 πάντας
1027 2276 1199 2354 ἀνθρώπους

132 2364 188 2400 zum
212 2350 296 2415 Trogos
322 2367 372 2401 von
400 2367 464 2415 gouz
488 2350 638 2403 Thessalico

131 2420 229 2470 maehte
248 2419 298 2469 und
314 2421 361 2470 den
377 2420 550 2482 griechischen
563 2419 638 2471 Stac-

131 2487 325 2550 teirgegcniiher
337 2480 637 2567 dieselbellollezuspie-

129 2553 172 2603 len
200 2553 314 2617 negano,
342 2555 393 2604 wie
421 2555 509 2620 spicer
530 2554 638 2620 Philipp.

131 2620 257 2672 Griissere
276 2620 355 2672 Pliioe
379 2637 411 2671 zu
434 2620 637 2686 verwirkliehen‚

131 2689 247 2739 hinderte
259 2689 301 2738 ilrn
314 2690 368 2739 sein
377 2687 432 2739 'l'od
445 2688 485 2740 01.
491 2687 636 2755 mnodo).

164 2754 275 2809 Solonis.
289 2755 636 2823 BeliauntistdicAncldote‚

131 2826 190 2875 dass
202 2824 294 2889 Solon,
316 2840 357 2875 um
369 2826 415 2875 der
426 2824 591 2876 Todesstrale
604 2841 636 2875 zu

131 2894 268 2957 cntgelren‚
289 2893 330 2944 die
342 2893 388 2944 aul
396 2893 443 2943 den
453 2892 551 2957 Antros
567 2893 638 2950 einer

131 2960 296 3025 Erneuernng
313 2961 358 3012 des
370 2959 478 3026 lirieges
496 2976 577 3025 gegen
589 2960 637 3011 Sa·

130 3028 203 3078 lamis
216 3035 315 3092 gesetzt
326 3045 391 3095 war,
412 3030 465 3080 sich
481 3029 639 3093 wahnsionig

131 3097 236 3161 gestellt
246 3098 317 3161 habe,
330 3094 368 3148 als
381 3112 411 3148 cr
422 3098 466 3147 dns
478 3096 547 3149 Vollr
559 3098 637 3147 durch

132 3165 202 3214 scine
219 3164 307 3230 Elegie
328 3165 435 3216 Salamis
455 3180 512 3216 anm
531 3162 637 3233 Kample

131 3231 293 3295 liegeisterte.
311 3231 467 3284 Plut.Sol.8.
480 3233 564 3284 Justin
573 3232 603 3298 11,
614 3233 638 3283 7.

97 3354 102 3373 ,
165 3301 218 3350 rita
228 3303 285 3351 cius
296 3300 338 3351 i'dr
347 3303 391 3352 das
401 3301 603 3365 gewdhnlichere
615 3316 637 3352 a.

131 3382 183 3417 ινα
202 3367 267 3418 wird
288 3368 365 3418 durch
385 3369 432 3418 deu
449 3367 572 3419 Weclisel
592 3369 638 3418 des

131 3434 250 3501 thjcets
270 3436 303 3486 im
319 3435 462 3486 Nebensatz
482 3429 657 3500 gerochum-¹

132 3504 188 3567 tigt.
212 3503 285 3554 Caes.
297 3504 357 3554 hell.
366 3502 436 3556 ‘Gale
448 3502 467 3567 1,
482 3503 521 3567 11,
535 3503 599 3554 dira
610 3520 639 3554 ee

133 3575 204 3622 oanni
222 3576 337 3642 tempore
360 3571 391 3623 de
409 3570 502 3641 populo
522 3570 638 3624 dormo

131 3644 239 3692 απανίίοι
250 3657 319 3705 esso,
327 3644 368 3700 ,ut
377 3668 412 3677 -·
422 3638 498 3706 libert
511 3655 600 3691 corum
610 3642 638 3690 in

131 3711 280 3761 conducam
291 3708 385 3760 adduci
393 3725 445 3759 ιιαιι
457 3708 598 3759 debuerint.

691 2351 821 2417 κολακείᾳ
849 2365 914 2402 κατε
951 2345 1087 2401 ἄσασθαι.
1130 2348 1198 2399 ldem

693 2434 770 2537 comp.
780 2417 868 2471 Niciae
878 2436 899 2469 c.
931 2434 1002 2475 rasso
1015 2411 1033 2467 d
1044 2414 1075 2468 δὲ
1086 2414 1198 2484 ἔξαρνος

691 2477 726 2551 ἦν
758 2481 927 2554 λεγχόμενος
950 2484 999 2536 ἐπὶ
1019 2481 1148 2554 κέρδεσιν
1168 2480 1198 2534 ἐν
1220 2488 1225 2491 ”

690 2554 775 2625 βουλῇ
789 2554 879 2621 λέγειν
893 2551 940 2603 καὶ
955 2547 1020 2609 τοὺς
1031 2546 1199 2622 συμμάχους

691 2615 801 2673 ἀδικεῖν
818 2621 865 2671 καὶ
878 2615 981 2688 γύναια
995 2615 1102 2690 περιὼν
1114 2618 1197 2669 καλα-

690 2683 782 2741 κεύειν
803 2688 850 2738 καὶ
873 2681 1107 2757 συνεπικρύπτειν
1134 2682 1199 2742 τοὺς

692 2772 765 2822 πονη
785 2751 840 2813 οὕς.

726 2823 747 2875 0
784 2821 1198 2890 ‘raddcr:§.84.WiihrendLy-

691 2894 783 2943 sander
791 2893 868 2942 durch
882 2891 1093 2943 schmeiehelndes
1101 2891 1198 2941 Beneh-

690 2976 747 3011 men
767 2960 924 3011 bedentende
941 2958 1198 3019 Geldunterstiitzru·

691 3037 739 3092 gen
751 3043 801 3081 von
809 3028 864 3078 dem
871 3027 980 3092 jiiugern
990 3025 1072 3094 Cyrus
1082 3026 1197 3089 erlaugte

693 3096 778 3160 (407),
802 3095 882 3145 reiste
898 3094 974 3160 Call,
998 3095 1039 3144 da.
1051 3094 1093 3142 ihu
1113 3092 1196 3160 Cyrus

691 3164 773 3228 einige
779 3162 848 3227 Tage
857 3170 955 3213 oramen
966 3163 1037 3225 hess,
1049 3160 1196 3211 unverrich·

692 3238 760 3283 teter
776 3230 856 3282 Sache
872 3231 916 3293 ab,
938 3229 1019 3281 indem
1035 3245 1065 3279 er
1081 3244 1109 3279 cs
1126 3228 1196 3280 eines

692 3298 816 3351 Grieclren
828 3297 871 3349 liir
878 3298 1011 3363 unwiirdig
1020 3297 1090 3362 nteit,
1101 3312 1142 3347 um
1152 3298 1196 3348 des

692 3366 785 3419 Geldes
802 3366 887 3417 willer
908 3366 961 3417 rich
976 3382 1025 3416 vor
1040 3366 1121 3416 ciuem
1136 3365 1198 3415 Bar·

690 3436 769 3486 haren
784 3451 816 3485 nu
828 3435 995 3498 demiitlrigen.

727 3503 755 3567 Q.
768 3502 890 3554 Lutatius
902 3501 1020 3563 Catulus,
1038 3498 1136 3550 Consul
1147 3497 1197 3547 652

693 3571 772 3635 (102),
790 3571 902 3635 besiegte
914 3570 959 3621 mit
970 3569 1065 3620 Marius
1078 3568 1117 3617 dic
1130 3566 1197 3615 Cim-

692 3639 762 3690 bem.
775 3638 830 3691 Von
841 3639 934 3689 diesem
944 3635 1102 3703 proscribirt‚
1113 3635 1197 3695 ffidte-

691 3715 718 3758 te
730 3722 760 3757 cr
771 3707 822 3757 sicli
833 3706 914 3756 selbst
925 3702 1042 3767 6671811.
1060 3701 1197 3754 Ueherdeo

168 3777 225 3828 109.
242 3775 328 3829 Sulla.-
349 3777 410 3828 Sall.
423 3775 476 3841 lug.
490 3775 534 3840 95,
549 3775 564 3824 3
581 3783 639 3839 sagt
687 3775 814 3840 jiingereu
826 3774 881 3824 Cat.
894 3788 914 3823 s.
927 3790 950 3823 ι.
962 3770 987 3838 §2
1002 3770 1042 3821 76.
1280 3836 1285 3839 -

131 3861 180 3896 von
193 3846 253 3896 ihm:
263 3845 407 3913 socundus,
419 3844 524 3896 collidus
536 3848 563 3895 ct
573 3846 637 3894 σπη’-
727 3843 755 3906 Q.
767 3841 860 3893 Murio.
879 3841 925 3890 Die
938 3838 1107 3890 besteanss.
1116 3836 1196 3887 haben

52 3954 57 3959 .
132 3915 305 3981 didascolis,
318 3914 354 3965 ad
367 3912 512 3964 condienda
530 3914 638 3978 negotia

131 3981 240 4034 altitudo
251 3985 351 4049 ringer&
359 3981 526 4046 incredibilis,
543 3981 637 4032 multu·

691 3912 720 3978 Q.
737 3909 820 3961 Mucio
837 3908 947 3973 Mancia,
973 3908 1012 3958 ein
1033 3921 1097 3970 gcuz
1117 3904 1197 3953 unbe-

690 3980 798 4030 kannter
807 3978 894 4042 Naue,
907 3977 952 4027 der
962 3991 1004 4026 um
1016 3990 1045 4027 so
1054 3972 1198 4035 aull'rilliger
1229 3990 1236 3997 ¹
