2776 4502
161 356 202 418 52
500 321 503 333 '
594 353 638 404 rm
656 354 814 407 ormens-

118 542 124 551 ·
160 509 238 571 xime
247 508 403 570 virtutibus
413 508 462 569 his
472 507 637 569 lenioribus
648 509 703 569 erit
715 517 848 582 ornatus,
860 509 1015 584 modestia,
1027 511 1227 591 temperantia,

86 655 91 665 ,
161 595 216 656 hae
230 595 307 673 ipsa,
323 594 360 653 de
376 611 434 673 qua
448 593 539 654 multa
554 592 614 655 iam
630 594 807 667 dictasunt,
823 593 940 656 iustitia.
970 594 1046 656 Nam
1061 596 1147 658 tortis
1163 595 1226 657 ani·
1248 654 1250 663 .

162 697 229 740 mus
244 688 273 740 et
287 695 413 756 magnus
428 677 459 737 in
474 677 596 739 homine
614 696 676 739 non
691 680 821 757 perlecto
842 696 897 741 nee
916 679 1047 759 sapiente
1067 681 1227 742 ferventior

161 765 334 844 plerumque
349 771 404 833 est,
419 763 484 824 illae
497 763 619 824 virtutes
633 762 747 824 bonum
761 764 857 825 virum
871 764 1008 826 ridentur
1022 766 1122 844 potius
1138 765 1226 827 attin-

107 860 140 912 47
160 867 239 928 gere.
274 849 370 926 Atque
388 849 462 909 liaeo
481 847 511 909 in
524 847 673 910 amoribus.
709 849 749 909 lle
773 848 974 911 benevolentia
998 858 1111 924 autem,
1138 868 1227 930 quam
1290 917 1307 933 „

162 934 286 1015 quisque
301 933 407 994 habeat
421 950 489 1011 erga
503 951 575 1004 nos,
595 932 725 1012 primum
745 933 817 994 illud
832 934 923 995 estin
939 934 1051 1007 officio,
1072 943 1110 1017 ut
1119 935 1145 997 ei
1160 934 1227 1014 plu·
1249 936 1285 971 f

161 1019 272 1081 rimum
286 1018 458 1091 tribuamus,
472 1037 489 1078 a
504 1037 562 1097 quo
578 1017 739 1098 plurimum
751 1018 912 1097 diligamur,
930 1021 983 1081 sed
994 1016 1227 1082 beneiolentiam

161 1122 225 1166 non
240 1102 525 1164 adulescentulorum
541 1122 625 1164 more
640 1104 745 1164 ardore
760 1105 889 1182 quodam
905 1104 1032 1178 amoris,
1048 1106 1105 1167 sed·
1115 1104 1227 1165 stabili-

161 1196 222 1251 tate
241 1187 341 1267 potius
357 1196 391 1249 ‘et
412 1188 575 1249 constantia
595 1187 766 1249 iudicemus.
795 1188 850 1248 Sin
871 1197 957 1250 erunt
976 1189 1091 1256 meritat
1134 1198 1146 1249 t
1163 1205 1227 1248 non
1249 1218 1273 1236 a

162 1273 298 1345 ineunda,
313 1274 365 1335 sed
380 1273 534 1334 referenda
549 1272 588 1333 sit
602 1272 701 1351 gratia,
715 1274 812 1335 maior
826 1275 968 1353 quaedam
984 1293 1052 1335 eura
1063 1208 1228 1335 adlilidenda

163 1369 215 1420 est.
246 1357 364 1420 Nullum
385 1357 464 1418 enim
485 1357 615 1418 officium
634 1359 786 1420 reserenda
807 1359 896 1437 gratia
916 1359 1008 1437 magis
1027 1357 1227 1420 neeessarium

110 1455 142 1506 la
163 1452 217 1505 est.
244 1444 331 1515 Quod
343 1442 368 1503 si
379 1463 421 1516 ea,
436 1460 509 1520 quae
520 1443 625 1504 utenda
638 1443 794 1521 acceperis,
809 1443 923 1505 maiore
934 1462 1084 1517 mensura,
1099 1444 1226 1505 simodo

163 1529 276 1610 possm,
292 1528 372 1589 iubet
386 1527 508 1589 reddere
523 1527 685 1599 Hesiodus,
702 1528 843 1606 quidnam
859 1529 1001 1590 beneficio
1017 1528 1169 1609 provocati
1183 1530 1228 1588 fa·

164 1632 229 1674 eere
244 1610 409 1674 debemus?
432 1629 469 1672 an
484 1612 591 1672 imitari
606 1631 693 1691 agros
709 1612 833 1687 fertiles,
848 1614 898 1692 qui
913 1614 1005 1675 multo
1022 1615 1088 1693 plus
1105 1615 1228 1675 ederunt

163 1716 250 1779 quam
265 1695 462 1777 acceperunt?
492 1697 607 1757 Etenim
625 1697 651 1758 si
666 1697 773 1771 ineos,
789 1718 865 1778 quos
881 1717 1036 1778 speramus
1052 1698 1139 1760 nobis
1155 1717 1228 1778 pro-

164 1785 293 1853 futuros,
314 1801 376 1843 non
397 1782 563 1843 dubitamus
581 1782 675 1843 officia
690 1785 837 1857 conterre,
860 1784 959 1862 quales
980 1787 1011 1844 iu
1026 1802 1078 1844 eos
1093 1802 1158 1843 esse
1173 1784 1227 1843 de-

163 1869 282 1940 bemus,
298 1867 347 1946 qui
362 1868 420 1928 iam
435 1865 632 1946 proluemnt?
659 1867 734 1928 Nam
754 1887 821 1929 oum
842 1869 901 1928 duo
922 1886 1028 1946 genera
1048 1866 1227 1928 liberalitatis

164 1953 232 2023 sint,
249 1970 340 2013 unum
356 1952 445 2012 dandi
455 1951 596 2023 beneficii,
610 1953 732 2012 alterum
744 1953 895 2025 reddendi,
910 1953 1014 2013 demus
1026 1971 1118 2013 neone
1128 1952 1160 2012 in
1170 1969 1228 2012 no-

165 2046 226 2099 stra
240 2044 386 2117 potestate
400 2043 457 2097 est:
473 2055 536 2097 non
551 2035 673 2097 reddere
686 2036 749 2098 viro
764 2038 844 2099 bono
860 2037 1015 2109 nonlicet,
1031 2038 1123 2098 modo
1138 2037 1168 2097 id
1184 2038 1198 2096 l
1213 2070 1228 2080 -

111 2130 145 2182 49
167 2141 232 2184 eere
250 2121 348 2201 possit
366 2122 429 2182 sine
448 2121 563 2182 iniuria.
597 2124 791 2201 deeeptomm
812 2130 909 2184 autem
928 2122 1139 2183 beneficiorum
1159 2130 1230 2182 sunt

164 2207 292 2269 delectus
312 2207 450 2277 habendi,
477 2224 533 2267 nee
554 2205 678 2269 dubium
699 2207 770 2286 quin
791 2207 917 2268 maximo
943 2207 1049 2286 cuique
1068 2207 1261 2286 plurimum*¹

164 2293 309 2353 debeatur.
340 2293 374 2353 ln
388 2310 447 2371 quo
464 2299 565 2353 tamen
585 2291 737 2370 inprimis
756 2311 815 2372 quo
836 2293 960 2371 quisque
981 2293 1094 2364 auimo,
1119 2291 1228 2363 studio,

162 2377 362 2439 benevolentia
380 2376 479 2437 feeerit
494 2376 719 2455 ponderandum
733 2386 787 2437 est.
816 2377 898 2438 Multi
912 2378 992 2438 enim
1012 2377 1124 2438 faciunt
1138 2376 1230 2437 multa

163 2463 324 2523 temeritate
339 2462 473 2541 quadam,
490 2465 554 2522 sine
566 2460 674 2522 iudicio
685 2460 730 2522 vel
741 2463 846 2543 morbo
862 2463 892 2522 in
904 2478 1008 2523 omnes
1020 2463 1063 2522 vel
1074 2461 1229 2541 repentino

197 2647 496 2711 virtutitualom'om'bus:
505 2645 673 2713 lutatam
726 2655 778 2700 tote
790 2648 815 2698 iu
827 2644 973 2713 proximos’.
991 2647 1068 2697 ileos.

161 2714 672 2785 pertiaentadmmaaootodiaemmorom
759 2715 802 2765 49.
828 2715 867 2765 ael
875 2718 978 2766 morbo:
1000 2714 1076 2765 Tuae.
1088 2713 1130 2777 lV,
1145 2713 1184 2776 10,
1197 2712 1230 2762 24

164 2783 364 2849 aefooititatom.
724 2783 891 2849 intellegatur
900 2785 1119 2851 pwtaarbatimzem
1130 2784 1230 2832 ioetm·

198 2850 240 2900 48.
261 2853 403 2915 attiaagere:
425 2847 450 2913 ᾗ.
465 2848 504 2898 18.
726 2853 795 2902 utos
807 2868 836 2901 ae
848 2853 1008 2918 opa'aeiom'dua
1019 2853 1193 2902 inooaatmttor
1205 2852 1232 2898 et

198 2919 230 2970 de
252 2916 435 2982 beateeotentia,
467 2916 492 2965 in
515 2916 672 2967 Anbetraeht
726 2918 827 2970 turbide
841 2921 868 2968 io
883 2923 957 2969 motu
972 2936 1028 2970 oeae
1042 2933 1154 2986 seraper,
1172 2932 1231 2969 oum

164 2989 209 3037 des
222 2985 421 3044 Wohlwolleos3
440 2999 468 3033 so
483 2985 551 3034 steht
562 2984 595 3035 de
606 2986 670 3034 olme
724 2991 813 3038 autem
823 2987 967 3052 diosmor
979 2989 1164 3053 concitatioque
1174 2988 1230 3037 orai-

164 3051 670 3119 grammatiselieBezielmngaoldasVer·
723 3058 762 3105 mi
770 3056 962 3115 inueteramrit,
976 3060 1002 3106 et
1123 3071 1141 3105 a
1150 3056 1178 3105 in
1189 3071 1232 3105 oe·

164 3120 670 3186 bmndesSatzesbiiuli3‚z.ll.adiam.ll,
724 3125 767 3174 nia
790 3127 818 3173 et
839 3122 984 3174 medudolia
1006 3125 1049 3174 tua
1080 3126 1144 3185 erit,
1176 3127 1231 3173 uno

166 3192 233 3254 17‚1
252 3191 284 3242 de
297 3193 442 3242 rationibus
455 3189 601 3255 referendis
618 3205 670 3240 noro
724 3192 817 3243 satsat
838 3193 944 3242 mortue
968 3195 994 3242 et
1009 3192 1163 3257 aegrotatio.
1196 3189 1230 3239 So

164 3256 669 3336 erotinommnodmntoaullamrelerre.
724 3260 794 3310 steht
809 3260 864 3310 lnior
879 3259 921 3310 die
936 3260 1063 3310 dauerode
1081 3257 1231 3308 krankhalle

198 3326 240 3376 48.
266 3326 391 3377 Hesiodus
413 3322 469 3392 ἔργ.
491 3323 541 3374 349
571 3342 602 3376 ευ
613 3323 670 3406 μὲν
723 3326 840 3391 Neiguug
856 3344 888 3378 za
901 3327 972 3378 einer
988 3327 1166 3378 auAlleohoe
1179 3325 1231 3379 Uo·

162 3396 330 3463 μετρεῖσθαι
344 3386 422 3462 παρὰ
439 3393 578 3458 γείτονος,
596 3409 627 3444 ευ
639 3388 667 3442 d’
723 3396 850 3447 terselaied
873 3396 1061 3447 aostloiloodeo
1082 3395 1231 3459 Freigeloig-

163 3458 325 3514 ἀποδοῦναι
344 3457 430 3525 Αὐτῷ
450 3459 489 3525 τῷ
509 3459 603 3527 μέτρῳ
624 3459 671 3511 καὶ
724 3462 777 3514 leit
788 3465 834 3514 dor
845 3464 1077 3528 augenbliekliehon
1089 3464 1174 3514 Leone
1185 3477 1230 3524 ge-

164 3527 260 3595 λώιον,
279 3532 312 3580 αἴ
327 3547 358 3582 κε
369 3525 480 3592 δύνηαι·
496 3523 545 3584 Ὡς
556 3524 593 3581 ἂν
599 3546 670 3597 yon·
724 3531 844 3595 geniiber.
892 3532 947 3584 Nur
978 3534 1019 3583 die
1054 3530 1231 3596 interpolirteu

164 3599 230 3656 [ζων
245 3599 292 3648 καὶ
303 3596 332 3655 ἐς
343 3592 460 3666 ὕστερον
472 3589 571 3664 ἄρκιον
582 3581 670 3666 εἱῖρης.
724 3599 798 3650 lldss.
826 3599 905 3650 habea
933 3602 978 3650 das
1011 3598 1230 3648 unverstiindlielie

197 3682 239 3715 aa.
258 3666 398 3729 Diellmge
415 3664 504 3715 miton
520 3650 670 3716 eotlr'a'ltdie
723 3667 807 3719 modo.
837 3671 964 3719 moeones
985 3668 1076 3731 geldrt
1093 3682 1126 3716 zu
1141 3667 1230 3716 morto

162 3733 283 3783 Aotwort
297 3735 391 3786 aoldie
404 3739 474 3785 erate
486 3732 581 3795 Frage3
606 3735 671 3784 auch
723 3737 836 3799 incitati,
857 3735 898 3785 bei
918 3736 973 3786 dem
994 3735 1102 3785 zweiteo
1122 3733 1231 3798 Begrilfe

164 3802 218 3850 hier
238 3802 272 3851 ist
288 3818 322 3851 aa
338 3803 377 3853 als
389 3801 495 3853 aweites
508 3799 582 3851 Glied
599 3802 672 3852 einer
725 3803 788 3854 fehlt
804 3804 849 3853 das
862 3802 953 3867 Objeet
976 3804 1026 3852 uod
1047 3802 1140 3853 koonte
1160 3817 1229 3866 weg-

163 3868 489 3935 lloppelfrageanzuseheu‚
501 3869 670 3920 doronerstes
724 3871 836 3935 bleiben,
857 3871 888 3922 da
899 3887 946 3922 aua
957 3871 1004 3921 den
1018 3870 1128 3922 Worten
1140 3887 1231 3938 repera-

163 3937 328 3987 uuterdriiekt
340 3938 382 3989 ist.
725 3939 1231 3991 tinomotooeaimtvoosetlastvorstdnd-

196 4005 361 4071 mutatoria,
373 4006 389 4056 i.
400 4022 423 4057 e.
437 4004 516 4055 ‘salva
525 4003 574 4057 lide
583 4014 611 4059 et
619 4006 673 4072 pie·
725 4008 774 4058 lieh
787 4008 833 4072 ist,
852 4008 913 4059 daos
926 4007 966 4059 die
982 4023 1015 4059 an
1026 4008 1150 4061 Eiuzeloe
1167 4006 1230 4059 ohne
