2772 4504
449 416 455 420 Π
543 337 809 401 mmmm

1141 332 1203 398 219

151 498 176 560 si
195 515 262 560 cum
282 497 434 558 honestate
456 496 635 576 voluptatem
658 503 807 575 tamquam
830 508 898 555 cum
920 492 1040 555 homine
1062 494 1205 573 pecudem

152 582 373 663 populavissent.
404 582 471 643 Nun
482 582 585 661 recipit
595 581 681 642 istam
693 579 928 669 coniunctionem
940 580 1090 652 honestas,
1102 597 1204 658 asper-

151 676 252 741 natur,
272 666 394 747 repellit.
424 667 485 729 Nee
498 684 568 728 vero
583 666 651 727 finis
665 666 814 726 honorum
830 666 868 742 [et
882 664 1051 740 malorum]‚
1067 663 1117 742 qui
1131 664 1204 724 sim-

150 753 216 832 plex
231 771 296 813 esse
312 751 403 826 dehet,
419 771 454 813 ex
469 750 671 813 dissimillimis
686 751 776 811 nehus
791 750 908 813 misceri
922 752 951 809 et
964 747 1121 827 temperari
1136 755 1204 826 pot-

151 845 204 898 est.
231 837 286 898 Sed
301 838 336 898 dc
347 837 406 898 hoc
416 871 458 881 —
469 854 573 914 magna
585 835 664 897 enim
675 854 723 896 res
734 870 776 880 -
791 835 846 896 alio
861 836 926 895 loeo
941 833 1084 914 plumbus.
1119 833 1204 894 Nunc

151 922 186 984 ad
201 922 397 1001 propositum.
427 922 522 996 Quem
538 922 713 982 admodum
728 921 823 1001 igitur,
840 918 997 998 siquando
1013 936 1057 988 ea,
1073 934 1146 998 quae
1160 918 1204 977 vi·
1228 930 1275 980 120

152 1006 236 1068 detur
254 1007 379 1080 utilitas,
398 1007 544 1068 honestati
564 1017 721 1086 repugnat,
743 1002 925 1067 diiudicanda
943 1023 991 1067 res
1013 1003 1051 1064 sit
1063 1002 1142 1064 satis
1163 1008 1207 1063 est

150 1110 239 1171 supra
259 1091 449 1171 disputatum.
484 1091 652 1154 sinautem
672 1091 798 1170 speciem
817 1089 946 1151 utilitatis
965 1088 1053 1150 etiam
1073 1088 1206 1167 voluptas

150 1177 256 1239 habere
275 1177 400 1249 dicetne,
424 1176 504 1238 nulla
522 1183 705 1256 potestesse
724 1176 751 1236 ei
770 1194 838 1237 cum
855 1175 1009 1236 honestate
1027 1172 1205 1234 coniunctio.

151 1261 240 1336 Nam,
264 1269 298 1323 ut
316 1261 479 1323 tribuamus
499 1260 604 1341 aliquid
624 1260 778 1340 voluptati,
804 1258 983 1321 condimenti
1003 1259 1127 1319 sortasse
1145 1273 1206 1318 non

151 1345 232 1420 nihil,
247 1345 377 1409 utilitatis
392 1353 469 1408 certe
483 1346 556 1407 nihil
571 1345 695 1407 habebit.

236 1429 333 1493 llahes
354 1451 370 1493 a
389 1439 471 1510 patre
495 1448 617 1504 munus,
641 1430 736 1491 Marce
754 1429 807 1502 lili,
833 1448 898 1490 mea
922 1428 1041 1507 quidem
1065 1428 1207 1488 sententia
1229 1438 1273 1489 111
1338 1478 1340 1485 .

151 1517 369 1594 magnumsed
384 1512 506 1595 perinde
521 1516 588 1590 erit,
602 1522 635 1576 ut
648 1513 804 1593 acceperis.
835 1514 1020 1593 Quamquam
1036 1513 1066 1573 hi
1080 1512 1133 1573 tihi
1147 1520 1207 1573 tres

151 1600 216 1663 libri
231 1601 306 1662 inter
321 1600 449 1681 Cratippi
469 1599 696 1663 commentarios
714 1607 864 1678 tamquam
884 1597 1017 1677 hospites
1034 1605 1119 1659 erunt
1132 1597 1207 1660 reoi-

135 1738 140 1769 i

135 1654 143 1735 Ῐ
151 1685 263 1766 piendi:
279 1687 340 1759 sed,
356 1693 397 1759 ut,
413 1685 439 1747 si
452 1687 516 1765 ipse
530 1686 675 1747 venissem
686 1685 823 1758 Athenas,
835 1684 915 1764 quod
929 1684 1046 1763 quidem
1059 1691 1137 1744 esset
1148 1684 1208 1743 lac·

40 1832 46 1844 ,
134 1776 230 1847 itum,
255 1771 379 1832 nisime
400 1791 416 1832 e
436 1771 534 1832 medio
554 1789 643 1832 cursu
662 1771 740 1832 clara
758 1788 829 1830 voce
848 1768 942 1849 patria
955 1775 1136 1840 revocasset,
1155 1766 1208 1829 ali·

135 1856 270 1936 lquando
286 1875 334 1917 me
348 1874 465 1936 quoque
480 1855 609 1929 audires,
623 1856 679 1928 sio,
699 1855 839 1934 quoniam
854 1854 901 1915 his
917 1852 1114 1915 voluminibus
1129 1852 1165 1913 ad
1181 1859 1209 1913 te

134 1920 282 2022 iprolecta
296 1960 353 2002 vox
367 1949 414 2002 est
428 1960 502 2016 mea,
517 1940 627 2003 tribues
642 1940 688 2000 his
703 1939 847 2019 temporis
859 1943 1002 2018 quantum
1017 1938 1137 2016 poteris,
1151 1956 1208 2020 pp·

152 2027 224 2088 teris
240 2034 337 2090 autem
352 2033 494 2109 quantum
509 2025 598 2090 voles.
640 2025 712 2088 Cum
727 2042 796 2086 vero
816 2024 983 2087 intellexero
998 2030 1026 2084 te
1036 2023 1096 2085 hoc
1112 2021 1207 2084 scien-

153 2230 263 2294 reehtigt
274 2247 320 2281 zur
328 2231 412 2294 Seite3
426 2231 503 2282 clem.
514 2231 651 2284 Alexandr.

79 2296 83 2301 ’
154 2306 241 2350 strom.
265 2298 287 2349 ll
308 2299 332 2364 5.
356 2298 402 2349 128
424 2294 492 2350 κατὰ
509 2295 573 2358 τοὺς
589 2302 654 2370 περὶ

153 2367 342 2436 Καλλιφῶντα
351 2364 429 2419 ἕνεκα
437 2365 491 2438 μὲν
499 2364 655 2450 adeptioni}

152 2434 343 2503 παρεισῆλθεν
362 2431 379 2500 ἡ
395 2430 490 2504 ἀρετή,
510 2453 606 2519 χρονῳ
624 2388 655 2489 :il

152 2497 654 2625 iililllidfiliidlffli‘i

152 2589 656 2776 coemisse-,leitil

153 2782 212 2893 poth
219 2776 268 2825 und
285 2790 355 2826 zwar
365 2777 398 2825 im
410 2777 517 2827 zweiten
531 2777 612 2828 Buche
625 2777 655 2827 de

172 2860 196 2893 ιιι
213 2859 251 2893 us.

187 2911 251 2985 120„
263 2914 371 2980 speciem
382 2911 507 2980 utilitatis,
525 2913 655 2964 seheinhe·

153 2994 199 3029 ren
210 2980 319 3044 Nntnen,
332 2981 379 3030 dar
390 2980 436 3030 der
448 2980 551 3045 Tugend
563 2982 655 3032 wider-

152 3048 259 3113 spricht‚
278 3049 389 3112 dagcgen
407 3049 442 3099 ist
454 3050 478 3099 in
490 3050 545 3099 den
557 3048 655 3113 folgen-

152 3115 199 3165 den
216 3115 337 3166 otah'tah‘e
353 3121 422 3167 certe
436 3117 501 3167 nihil
513 3118 559 3166 der
569 3119 655 3167 wahre

151 3182 252 3235 Nntzen
265 3200 297 3234 zu
309 3186 453 3235 verstchen.

96 3264 99 3272 ’
186 3249 254 3303 Nam
266 3253 396 3303 schneidet
413 3253 461 3302 den
479 3252 596 3303 Einwurl
610 3253 655 3303 der

96 3382 103 3389 Ρ
152 3317 300 3383 Gesnerah
313 3321 371 3371 dass
380 3321 420 3371 die
429 3320 574 3371 Lurteinon
585 3323 653 3371 wulr-

151 3397 196 3438 ren
208 3386 308 3439 Nutzen
320 3389 439 3440 cnthalte.

185 3456 345 3509 condimenti.
375 3457 421 3507 Dic
437 3457 502 3508 Lust
518 3459 580 3508 oder
594 3459 654 3509 llei-

149 3525 246 3577 terkeit
256 3526 300 3576 des
310 3524 439 3589 demittis,
450 3527 547 3578 welche
557 3525 654 3578 dieTu-

149 3596 215 3657 gend
235 3592 394 3654 hei-vomuit,
415 3595 451 3644 ist
470 3595 517 3644 den
537 3594 654 3645 Stoilieen

151 3662 218 3713 nicht
234 3661 330 3713 Zweek
346 3663 392 3711 der
407 3661 525 3727 Tugend‚
547 3664 655 3713 eundern

151 3729 207 3780 eine
219 3730 298 3795 Fulge
312 3728 513 3799 (ἐπιγέννημα),
524 3730 565 3781 die
577 3732 654 3781 lilioli-

151 3803 221 3847 stens
251 3814 282 3848 nn
311 3800 358 3849 den
388 3799 653 3849 wlinschenswerthen

151 3863 255 3930 Diogen,
265 3866 332 3917 nicht
340 3882 373 3916 cu
382 3866 438 3916 dem
448 3865 531 3917 Gnten
542 3882 573 3916 nn
583 3868 655 3917 rech·

150 3946 198 3981 nen
212 3933 253 3983 ist.

186 3999 243 4052 121.
258 4001 364 4071 perinde
374 4004 433 4066 en't,
445 4006 615 4072 otaeoepon‘s,
629 4004 653 4053 d.

707 2234 723 2284 i.
745 2234 809 2285 tenti
826 2234 889 2297 erit,
909 2232 994 2299 quenti
1012 2231 1117 2294 leceris3
1148 2228 1209 2281 Sall.

706 2300 759 2366 lug.
776 2302 793 2351 4
812 2300 919 2371 perinde
934 2301 1059 2352 habentur
1075 2303 1106 2351 ut
1122 2314 1211 2350 eornm

707 2372 790 2421 oritus
803 2374 850 2420 est.
1145 2408 1151 2416 .

742 2438 940 2490 cornmcnmrioe
951 2436 1013 2486 oder
1021 2429 1211 2506 ὑπομνήματα
1266 2464 1270 2469 «

709 2507 766 2557 sind
781 2507 822 2557 dia
833 2506 932 2556 llictate
949 2506 995 2554 dee
1005 2504 1102 2555 Lehrer
1114 2519 1144 2554 an
1156 2503 1210 2552 ihre
1305 2543 1308 2553 ,

709 2574 830 2638 Sehiiler3
848 2574 880 2624 od
896 2573 953 2623 lam.
970 2564 1040 2636 XVl,
1057 2572 1087 2622 21
1103 2571 1212 2622 schreibt

709 2642 809 2693 Marcus
838 2643 894 2692 dem
923 2640 1116 2704 Freigelussneu
1149 2638 1211 2689 Tiro

708 2711 819 2761 methim
830 2710 894 2761 mihi
904 2724 996 2777 operae
1007 2709 1154 2776 conpetentis
1165 2723 1212 2757 en-

710 2778 848 2829 eon'dendie
859 2779 1070 2845 hypomnematis.

744 2863 758 2896 o
777 2847 860 2898 medio
879 2861 965 2897 cursu.
994 2844 1031 2895 Da
1049 2844 1100 2895 sich
1119 2843 1170 2895 Cic.
1187 2845 1214 2894 in

710 2915 804 2965 seluern
820 2913 1044 2965 Londuuientholte
1062 2915 1091 2976 ts.
1105 2912 1170 2964 Einl.
1188 2930 1211 2964 z.
1235 2919 1240 2928 '

709 2982 775 3045 Ans.)
793 2983 861 3034 nicht
877 2984 946 3033 mehr
961 2982 1043 3031 sicher
1064 2979 1144 3032 liihlte
1162 2981 1213 3032 und

710 3050 779 3101 nicht
789 3058 894 3111 wusste,
913 3066 945 3099 nn
959 3049 1070 3099 welches
1080 3048 1167 3099 Parioi
1184 3064 1213 3099 er

710 3120 762 3169 sich
785 3119 869 3169 holten
888 3117 978 3181 sollte,
1000 3117 1098 3167 schillte
1115 3133 1143 3167 er
1160 3116 1213 3168 sich

710 3188 772 3236 nach
786 3186 970 3238 Griechenland
982 3186 1022 3235 ein
1039 3187 1096 3249 (deu
1110 3184 1149 3235 17.
1161 3185 1213 3236 Juli

709 3255 761 3319 44),
779 3255 840 3305 aher
852 3256 898 3306 der
910 3254 988 3306 Wind
1001 3253 1067 3304 trieh
1079 3255 1124 3305 das
1136 3253 1216 3304 Schill'

709 3338 756 3373 zur
771 3321 851 3374 Iliiste
868 3323 981 3373 zuriick:
1000 3321 1037 3372 Da
1054 3338 1083 3372 er
1099 3323 1153 3372 hier
1163 3335 1211 3374 uon

710 3393 781 3442 einer
791 3390 974 3455 Vep‘indernng
985 3386 1213 3461 derverhiiltnissc

708 3460 732 3509 in
749 3458 811 3511 Rom
832 3458 926 3511 liunde‘
942 3459 1031 3509 belam
1056 3459 1105 3509 und
1131 3459 1212 3519 hlirte,

708 3528 767 3578 dass
791 3528 831 3579 dio
854 3528 1021 3591 Miichtigsten
1046 3527 1116 3577 scine
1137 3524 1212 3576 Reice

709 3597 778 3647 niclrt
801 3596 927 3660 hilligten‚
956 3595 1069 3659 zugleieh
1093 3595 1154 3644 auch
1178 3593 1212 3644 M.

709 3663 801 3715 Brutus
818 3665 858 3715 ilrn
875 3664 1037 3727 auffooderte,
1054 3663 1078 3712 in
1091 3661 1153 3712 llum
1170 3660 1212 3712 liii·

709 3732 753 3782 das
770 3732 895 3783 lutei-esse
917 3733 986 3782 ihrer
1001 3731 1087 3782 Partei
1104 3747 1135 3781 zu
1150 3730 1211 3780 wir·

707 3799 765 3863 lien,
779 3815 807 3849 so
819 3800 909 3851 kehrte
922 3814 952 3849 er
960 3799 1030 3849 Eride
1040 3800 1138 3862 August
1149 3799 1212 3848 nach

708 3867 770 3918 Rom
787 3868 890 3918 zurdcli.
922 3868 980 3917 Seio
994 3865 1048 3916 Tod
1065 3881 1105 3916 am
1123 3866 1146 3915 7.
1163 3864 1213 3915 lle-

709 3935 808 3985 eemher
820 3935 852 3985 43
865 3936 1035 3999 sentimenta,
1049 3934 1107 3984 dass
1120 3949 1150 3983 er
1162 3933 1211 3983 sei-

708 4019 757 4054 nen
770 4003 837 4055 Sohn
849 4004 874 4055 in
888 4003 1071 4055 Griechcnlond
1082 4002 1210 4059 hesuchte,
