2772 4504
556 251 669 307 niani.
697 252 822 305 naen.
1011 259 1020 288 ι
1158 255 1218 318 lte
1257 298 1259 304 .

159 424 225 471 esse
239 407 316 481 utile,
419 407 499 471 huno
513 407 715 487 obiurgatione
725 415 775 470 aut
786 427 844 488 quo
855 409 955 488 potius
967 400 1097 470 coniicio
1109 428 1125 471 a
1137 417 1217 472 tanto

158 511 258 557 errore
269 511 359 557 coner
370 489 511 555 avellere?
536 492 639 554 Potest
651 488 739 567 enim,
755 494 784 554 di
795 492 989 555 immortales!
1006 493 1140 574 cuiquam
1152 514 1218 557 csse

157 578 228 640 utile
242 577 445 653 foedissimum
461 586 490 638 et
504 579 701 640 taeterrimum
713 579 900 658 parricidium
911 579 1029 659 patriae,
1041 581 1171 658 quamvis
1182 581 1217 655 is,

157 663 206 744 qui
227 683 308 725 seeo
329 662 531 737 obstrinxerit,
552 664 587 724 ab
608 664 760 744 oppressis
776 663 886 726 civibus
901 665 1011 726 Parens
1026 664 1217 727 nominetur?

156 749 317 811 Honestate
331 747 418 827 igitur
433 748 582 827 dirigenda
596 750 704 811 utilitas
719 759 765 811 est
779 757 808 811 et
822 750 941 829 quidem
957 750 1011 825 sie,
1026 758 1059 812 ut
1072 750 1143 812 haec
1157 751 1217 812 duo

157 834 245 895 verbo
260 833 336 897 inter
351 852 382 894 se
397 834 572 914 discrepare,
587 854 620 895 re
634 846 727 899 unum
739 852 845 897 sonare
858 834 1015 897 videantur.
1042 835 1110 896 Non
1123 836 1218 898 habeo
1239 848 1271 899 84

157 919 193 980 ad
208 918 285 998 vulgi
299 917 470 997 opinionem
486 938 559 998 quae
573 920 668 982 maior
682 921 791 982 utilitas
807 939 894 1000 quam
909 921 1051 999 regnandi
1066 940 1131 982 esse
1145 940 1218 1001 pos·
1258 939 1265 945 ’

158 1004 205 1078 sit,
219 1003 291 1067 nihil
306 1011 408 1066 contra
422 1005 552 1069 inutilius
568 1005 602 1080 ei,
619 1005 710 1085 quiid
727 1005 833 1067 iniuste
845 1013 1020 1067 consecutus
1032 1005 1079 1080 sit,
1094 1007 1219 1082 invenio,
1280 1004 1283 1013 ¹

158 1108 226 1155 cum
246 1090 282 1151 ad
301 1089 448 1153 vamtatem
471 1091 555 1171 coepi
572 1110 710 1153 revocare
727 1091 881 1153 rationem.
912 1091 1043 1152 Possunt
1062 1091 1140 1152 enim
1156 1093 1218 1154 cui-

156 1193 244 1256 quam
255 1194 321 1238 esse
331 1175 416 1238 utiles
427 1193 561 1255 angores,
577 1176 793 1251 sollicitudines,
809 1176 906 1239 diurni
920 1184 949 1237 et
962 1177 1099 1238 nocturni
1115 1186 1219 1252 metus,

155 1260 212 1323 vita
226 1260 399 1325 insidiarum
413 1260 667 1341 periculorumque
681 1258 875 1341 plenissima?
1278 1310 1326 1375 m

277 1362 365 1424 Melta·
377 1367 471 1443 resipui
485 1374 567 1443 utque
581 1356 711 1443 tofiele'les
725 1364 827 1443 rc'poo,
839 1348 932 1444 pauci
948 1363 1134 1471 benevolis
1142 1341 1233 1451 ‘W
1251 1314 1273 1389 i
1316 1326 1365 1401 *U

112 1467 118 1472 '
155 1464 251 1544 inquit
264 1464 369 1526 Attius.
400 1466 438 1525 At
453 1465 498 1526 eui
513 1462 627 1545 regno?
643 1465 722 1546 quod
738 1466 887 1527 aTantalo
904 1472 932 1526 et
943 1464 1052 1545 Pelope
1067 1465 1218 1545 proditum

155 1550 218 1612 iure
234 1549 427 1612 obtinebatur.
458 1549 533 1611 Nam
549 1559 660 1630 quanto
675 1551 773 1631 plures
789 1552 816 1612 ei
830 1551 890 1629 regi
905 1559 1006 1630 putea,
1028 1550 1077 1630 qui
1093 1551 1219 1613 exercitu

155 1635 257 1715 populi
268 1635 393 1697 Romani
405 1636 548 1714 populum
559 1636 658 1716 ipsum
669 1636 835 1698 Romanum
848 1637 1046 1716 oppressisset
1058 1636 1217 1698 civitatem·
1267 1642 1271 1649 ’

156 1740 213 1800 que
232 1738 294 1781 non
316 1721 405 1782 modo
426 1720 560 1794 liberam,
582 1720 735 1783 sedetiam
751 1721 885 1800 gentibus
901 1721 1093 1800 imperantem
1110 1722 1218 1782 servire
1319 1736 1329 1744 ‘

157 1805 212 1868 sibi
233 1804 398 1886 coegisset?
428 1805 514 1868 Hunc
531 1815 563 1868 tu
584 1825 656 1886 quas
676 1807 871 1868 conscientiae
888 1806 968 1867 lahes
988 1806 1019 1867 in
1034 1806 1132 1867 animo
1149 1826 1217 1868 oen·
1239 1825 1271 1875 aa

156 1910 205 1953 ses
224 1891 377 1966 habuisse,
400 1910 474 1971 quae
492 1890 623 1954 vulnerat
653 1891 742 1953 Cuius
762 1903 859 1954 autem
878 1892 935 1953 vita
954 1892 1011 1971 ipsi
1025 1899 1125 1972 potest
1138 1890 1217 1953 utilis

156 1996 235 2049 esse,
261 1996 328 2038 oum
347 1977 409 2039 eius
429 1976 503 2039 ritae
520 1998 556 2069 gp
576 1977 710 2040 condicio
732 1978 783 2050 sit,
809 1986 852 2066 ug
862 1977 911 2056 qui
932 1976 1008 2038 illam
1029 1976 1168 2057 eripuerit
1187 1978 1218 2038 in

156 2062 282 2123 maxima
301 2069 330 2122 et
349 2062 439 2140 gratia
457 2064 572 2125 futurus
594 2063 632 2124 sit
650 2061 806 2142 etgloria‘?
836 2062 923 2138 Quod
938 2063 962 2123 si
976 2063 1049 2124 haec
1061 2062 1142 2124 utilia
1156 2081 1217 2124 non
1230 2098 1254 2130 Ι.

114 2218 116 2223 ’
162 2240 163 2245 =
193 2214 548 2279 obiurgatiowoncieium,
561 2214 661 2265 Sehelt·
714 2216 791 2265 durch
804 2210 1128 2266 dchcrszerstlirtwird.
1146 2213 1217 2265 Auoh

158 2289 225 2333 wart
236 2311 270 2320 -
283 2280 465 2347 Schirnpfwort.
490 2303 493 2309 *
688 2334 694 2342 .‚
714 2290 786 2349 passe
803 2284 863 2334 boni
879 2283 967 2333 weder
987 2283 1041 2332 dem
1058 2282 1134 2332 Sinna
1155 2283 1217 2333 nach

106 2350 115 2360 ‘
148 2348 153 2353 ”
192 2349 301 2402 Pareae.
316 2348 660 2401 DissenTitelerhieltCae-
715 2367 748 2401 zu
761 2351 815 2400 dem
829 2349 989 2414 Gegensatze
1002 2349 1216 2421 infideleercgoo,

159 2435 202 2471 sar
223 2420 284 2469 nacla
306 2420 351 2469 der
369 2418 486 2469 Schluelrt
506 2418 547 2467 bei
569 2417 661 2468 Munda
715 2419 779 2468 noch
796 2418 842 2466 der
858 2418 1035 2468 Consti-action
1053 2419 1113 2468 nacla
1130 2434 1161 2467 zu
1178 2420 1221 2468 cut

159 2486 208 2538 709
216 2486 313 2551 (45),zu
320 2486 421 2537 Ciceros
426 2501 540 2549 grossam
546 2485 661 2536 Schmer·
715 2502 844 2552 regno-.
857 2488 881 2536 ei
892 2488 957 2551 regi.
973 2485 1091 2535 DerSinn
1100 2485 1218 2549 verlangt

159 2571 202 2620 zo,
224 2555 315 2605 descen
335 2555 452 2620 Stolzes
469 2569 536 2618 war,
557 2555 615 2604 dass
633 2570 662 2604 er
715 2556 755 2605 ein
773 2555 819 2604 mit
837 2555 893 2604 dean
905 2553 980 2604 Dativ
993 2568 1025 2602 zo
1036 2554 1218 2604 verbindenrles

160 2623 246 2674 diesen
263 2623 331 2673 Titel
347 2623 425 2672 allein
442 2624 492 2673 und
508 2630 596 2673 zuerst
616 2622 660 2672 be·
715 2622 848 2686 Adjeetiv,
871 2621 926 2671 also
947 2621 1071 2686 benevoli,
1092 2635 1145 2670 was
1162 2621 1218 2670 eine

159 2692 274 2743 lenimen
289 2692 367 2743 hatte.
389 2689 459 2741 Naclr
472 2690 579 2740 Caesars
591 2689 661 2740 Tolle
715 2692 777 2741 Hds.
788 2690 877 2740 hietat.
889 2712 923 2729 υ·-
934 2689 986 2739 ller
994 2687 1061 2740 Vera
1072 2689 1108 2739 ist
1118 2703 1163 2739 aus
1172 2687 1219 2739 At-

159 2760 221 2811 liess
245 2758 368 2813 Antonius
389 2766 465 2809 unter-
486 2759 555 2808 seina
572 2757 662 2808 Statue
716 2759 766 2825 tius
788 2756 882 2808 Atreus
903 2765 1078 2819 entnommeo,
1098 2758 1146 2806 wie
1163 2771 1219 2807 man

159 2827 205 2879 aul
220 2828 275 2879 dem
290 2827 383 2878 Forum
400 2827 440 2876 die
451 2826 544 2877 Worte
558 2828 664 2894 parenti
715 2842 760 2877 aus
771 2825 933 2891 denWortep
945 2841 962 2876 a
974 2823 1080 2876 Tantulo
1095 2824 1221 2893 atPelope

161 2898 256 2965 optime
266 2898 359 2947 metato
372 2902 459 2945 sctzen
478 2895 521 2959 (ad
534 2893 592 2944 fam·
605 2892 661 2958 XII,
714 2894 990 2964 proditumscliliessen
1000 2892 1218 2959 lannvgllpar.

161 2962 196 3027 3),
208 2965 259 3014 und
271 2965 315 3015 das
325 2962 392 3014 Vollr
402 2964 538 3014 erriohtcte
548 2964 597 3012 ilun
606 2962 672 3013 eine·
751 2960 826 3020 Nom.
861 2961 1024 3024 Vollstlindig
1046 2962 1126 3012 lnutet
1150 2962 1219 3011 diosc

130 3022 139 3033 ⁸
162 3031 194 3082 30
206 3031 272 3084 Fusa
288 3034 352 3083 lrohc
365 3030 547 3082 Marmora'aiulo
560 3031 605 3082 rnit
617 3032 664 3083 dar
717 3030 819 3081 Formel
840 3030 886 3079 der
907 3033 1037 3098 occupatio
1062 3031 1091 3093 (s.
1105 3045 1127 3078 z.
1141 3028 1166 3095 ᾗ.
1177 3029 1218 3092 79)

160 3099 299 3153 Aulselrrift
320 3103 425 3170 parcelli
444 3102 563 3168 petraeae
594 3098 663 3150 Suet.
717 3098 856 3164 pam-quid
872 3113 919 3163 ego
936 3097 1018 3153 dicam
1035 3097 1119 3148 de-.
1153 3095 1221 3149 Nam

161 3169 233 3220 Caes.
247 3168 288 3219 16.
565 3219 570 3225 ,
717 3165 875 3217 untcrbriolrt
892 3166 932 3215 die
945 3164 1022 3216 lleilre
1040 3167 1086 3216 der
1097 3165 1220 3232 Beispiele

195 3253 387 3301 enumerasse,
400 3236 598 3303 gleiehlrlingen,
610 3236 634 3285 (1.
648 3234 665 3285 1.
719 3235 781 3285 oder
794 3233 895 3285 Griinde
908 3235 958 3283 und
975 3234 1079 3284 sondert
1097 3234 1170 3284 einen
1181 3234 1220 3284 als

163 3304 260 3369 gleiohe
272 3305 418 3369 Bedentuog
429 3304 524 3367 liuben3
536 3305 568 3354 ela
580 3303 622 3354 fin.
634 3300 664 3366 ll,
718 3303 854 3366 wichtiger
865 3318 913 3352 von
928 3303 975 3352 dan
988 3302 1093 3367 iibrigen
1107 3317 1160 3353 aus.
1185 3301 1220 3352 Es

163 3372 216 3435 2,6
232 3390 284 3425 oon
301 3374 449 3440 intellegere
464 3371 595 3423 interdum
606 3371 668 3438 quid
719 3371 788 3422 dieat
800 3372 886 3421 darum
899 3370 982 3434 along
993 3370 1032 3429 als
1044 3370 1220 3434 Uebergangs·

162 3444 317 3494 constituae
337 3459 389 3494 occ
408 3442 559 3509 voluptatis,
579 3439 608 3491 id
626 3444 666 3491 est
719 3436 843 3506 partikel;
865 3437 889 3506 ξ.
902 3437 998 3491 2347.
1011 3438 1069 3494 1115.
1082 3437 1112 3500 11,
1127 3437 1167 3500 13,
1179 3437 1220 3486 47.

150 3508 666 3647 tltttttttttlttltalt
720 3508 737 3558 ⁸
740 3506 891 3626 ’113133ἷὲ
894 3505 985 3625 tlte
994 3506 1049 3624 lt}
1054 3504 1192 3624 {taoni
1203 3569 1222 3635 1,

150 3647 213 3699 ‚naa
230 3648 354 3713 geuualt,
379 3647 438 3698 weil
462 3661 491 3696 er
511 3646 566 3696 dam
590 3647 665 3697 certo
723 3644 761 3706 14,
776 3643 807 3693 35
822 3642 902 3706 θαεηι
913 3645 956 3708 qui
967 3643 1222 3710 leotumfuiseepe·
1252 3658 1254 3671 ·

75 3762 82 3769 .
148 3714 313 3784 ξάὶεονορανε
323 3716 471 3782 antaprielrt.
722 3717 789 3777 leat,
807 3713 897 3779 irrisere
912 3713 966 3780 ipsi
980 3715 1049 3760 sunt.
1073 3710 1169 3761 Beatus
1182 3712 1222 3758 est

199 3786 318 3835 ooctma'
329 3788 428 3836 melus:
440 3782 451 3834 1
463 3781 488 3848 ᾗ.
501 3781 543 3831 41.
721 3796 804 3842 nemo,
817 3781 861 3845 qui
872 3795 902 3830 ea
913 3779 969 3844 lege
980 3781 1050 3841 catil,
1064 3783 1096 3828 ut
1105 3794 1156 3828 aion
1167 3791 1222 3826 mo-

201 3848 241 3900 84.
260 3855 340 3970 pauci
359 3851 478 3902 mauolt.
512 3850 558 3899 nie
579 3836 677 3899 lieston¹
722 3848 754 3900 do
771 3850 877 3915 impune
892 3846 939 3897 scd
958 3846 1104 3897 etiamnum
1122 3860 1224 3899 summa

168 3917 241 3971 lldss.
277 3920 340 3970 aben
354 3936 430 3989 pauor
447 3920 508 3970 bont
523 3921 596 3982 eunt,
616 3932 669 3966 wo-
722 3916 897 3980 interfectoria
912 3913 998 3979 glorio
1008 3915 1119 3979 interfici
1130 3914 1221 3981 possit.
