2772 4504
11 20 369 188 tttm.r.tvo‘{tr,357
403 112 411 126 ,

158 284 217 348 136
259 298 260 303 =
584 281 628 331 nn
647 279 784 332 osricus

47 426 51 439 ,
156 440 232 501 venit
243 439 435 518 ,largitionem
447 437 568 499 fundum
581 452 643 496 uon
654 435 779 497 habere‘
793 434 908 496 Etenim
920 434 987 515 quis
999 442 1098 514 potest
1107 435 1217 498 modus

155 545 230 600 esse,
248 543 315 587 cnm
327 534 356 584 et
367 523 444 584 idem
455 522 505 603 qui
517 529 733 583 consueverunt
748 527 777 581 et
793 519 870 581 idem
883 521 952 582 illud
968 519 1014 581 alii
1029 520 1217 584 desiderent?

99 612 138 671 lo
235 610 370 676 ssmnino
391 608 450 669 duo
472 615 542 669 sunt
566 625 670 687 genera
694 607 857 685 largorum,
883 602 1010 686 quornm
1037 607 1119 668 alteri
1144 626 1217 687 pro-

158 697 226 774 digi,
243 696 324 757 alteri
337 694 484 755 liberales:
499 693 622 773 prodigi,
638 693 689 773 qui
704 692 798 771 epulis
814 699 842 752 et
856 691 1096 772 viscerationibus
1111 700 1141 753 ct
1155 694 1218 771 gla-

158 781 304 842 diatorum
318 779 500 852 muneribus,
516 780 653 839 ludorum
665 778 910 857 venationumque
922 785 1063 857 apparatu
1077 779 1218 858 pecunias
1244 820 1247 824 -

158 866 342 946 prolundtmt
357 865 386 925 in
401 884 449 925 eas
464 884 524 938 res,
538 883 662 944 quarum
673 862 847 924 memoriam
859 871 908 924 aut
919 864 1037 924 brevem
1048 870 1098 925 aut
1108 863 1218 925 nullam

105 969 136 1016 56
158 951 280 1012 omnino
293 951 356 1013 ‘sint
374 950 516 1022 relicturi,
535 949 667 1011 liberales
682 956 792 1022 autem,
812 947 862 1027 qui
882 949 943 1009 suis
964 949 1148 1010 facultatibus
1168 957 1218 1010 aut

7 1044 37 1117 J,
48 1058 57 1105 ,⁵
75 1066 84 1093 .·
100 1045 262 1125 fflptos
278 1056 293 1096 a
308 1036 507 1116 praedonibus
522 1034 671 1095 redimunt
685 1041 735 1095 aut
750 1053 798 1094 aes
815 1033 940 1095 alienum
962 1035 1127 1114 suscipiunt
1142 1035 1217 1096 ami-

85 1120 144 1249 ἓῖὅ
158 1118 889 1283 t‘tfflttttttltttttlttltttlttl
907 1127 958 1266 tt
979 1118 1218 1266 bilbili?

74 1252 77 1258 .
106 1234 113 1247 ¹
157 1228 166 1267 1
566 1251 570 1262 Ι
629 1250 635 1265 ·
1203 1241 1217 1250 ,

9 1274 106 1373 lbos
157 1292 233 1353 nevit
248 1226 455 1370 {heophrasto
470 1291 501 1351 in
516 1224 554 1350 eg
566 1290 652 1363 libro,
668 1308 756 1369 quem
772 1290 818 1385 ,de
832 1223 947 1351 diviiliis‘
964 1290 1097 1369 scripsit:
1112 1291 1142 1352 in
1158 1310 1216 1370 quo

70 1398 81 1429 Ι
100 1412 109 1435 3
643 1422 649 1434 .
1202 1412 1216 1421 -

78 1392 136 1519 ll
156 1375 1215 1542 tttttttltttlttltttlnbtt⁰t¹ttltttltttlttt

157 1557 239 1609 tuum
256 1547 418 1609 facultatem
433 1549 562 1608 fructum
583 1545 747 1612 divitiarum
762 1552 852 1624 putot.
883 1547 953 1607 lllbi
968 1554 1067 1609 autem
1080 1547 1127 1608 ille
1138 1548 1217 1608 imc-

156 1642 204 1694 tus
229 1632 424 1702 liberalitatis,
451 1632 533 1693 euius
559 1649 651 1710 pauca
675 1631 805 1710 exempla
829 1632 930 1710 posui,
955 1633 1049 1694 multo
1074 1640 1103 1693 et
1125 1633 1218 1694 maior

69 1780 74 1790 ,
156 1719 269 1779 videtur
284 1727 314 1778 et
328 1717 442 1778 certior.
470 1716 594 1795 Quando
609 1716 707 1776 Aristo
723 1716 798 1777 Ceus
814 1717 927 1796 gravius
944 1725 973 1778 et
987 1718 1083 1780 verius
1098 1735 1154 1779 nos
1168 1737 1217 1779 re-

157 1802 325 1883 prehendit,
341 1803 390 1882 qni
405 1803 459 1863 has
474 1802 663 1881 pecuniarum
679 1801 837 1863 effusiones
853 1820 915 1863 non
930 1802 1123 1876 admiremur,
1144 1822 1217 1882 quae

154 1889 231 1950 fiunt
241 1890 278 1949 ad
288 1888 503 1949 multitudinem
515 1887 723 1949 deleniendam.
740 1888 786 1961 ,dt
793 1886 826 1961 ii,
835 1888 885 1968 qui
897 1888 932 1950 ab
941 1889 1028 1950 hoste
1040 1888 1216 1961 obsidentur,

157 1974 191 2068 si
211 1992 309 2035 emere
322 1996 325 2003 ¹
338 1992 430 2052 aquae
459 1973 616 2071 sextarium
640 1981 815 2051 cogerentur
842 1973 934 2046 mina,
960 1975 1018 2035 lroc
1046 1974 1143 2054 primo
1169 1973 1216 2035 in-

190 2178 349 2243 terfectionem
357 2176 477 2244 fundum
492 2193 544 2227 nou
559 2177 659 2229 babere.
714 2175 875 2241 Aristoteles,
886 2177 913 2227 in
926 2177 1017 2228 dessen
1026 2178 1152 2229 Scbrillen
1166 2179 1218 2228 sich

157 2247 207 2297 llos
220 2247 348 2297 Schenken
366 2246 431 2296 wird
447 2247 491 2297 mit
502 2247 558 2295 dem
571 2247 661 2296 durch·
714 2245 775 2295 abor
787 2246 905 2309 nirgeods
917 2247 957 2296 oin
968 2247 1112 2310 derartiger
1121 2246 1220 2298 Godan-

156 2315 287 2366 lbcberton
304 2315 384 2365 Posse
401 2315 446 2365 dor
462 2315 660 2370 Danaideuver-
704 2313 746 2363 -ke
759 2314 850 2376 findet,
870 2315 933 2364 anob
945 2315 1040 2365 stimmt
1055 2315 1133 2365 damit
1149 2315 1218 2365 scine

156 2383 262 2447 glicben.
282 2382 316 2433 Es
328 2382 473 2433 findctkein
483 2382 582 2448 Ziel,je
592 2383 661 2435 mehr
715 2381 880 2446 Schilderung
905 2383 950 2432 des
974 2380 1131 2449 ἐλευθέριος
1153 2383 1218 2445 (eth.

157 2451 368 2515 gesclionktwird,
378 2451 450 2500 desto
456 2451 594 2500 mebrwird
600 2466 659 2500 ver·
714 2448 921 2513 metumtot)
929 2449 1112 2500 nicbtiiberein.
1123 2449 1218 2499 Webr-

157 2521 236 2583 langt.
715 2518 848 2568 scheinliolr
865 2519 900 2568 ist
916 2519 992 2568 daber
1004 2517 1090 2569 Aristo
1103 2517 1168 2568 Ceus
1186 2534 1218 2568 zu

191 2591 385 2650 consueverunt,
398 2586 472 2636 niiml.
485 2586 608 2651 occipere.
714 2586 793 2636 lesen.
819 2586 909 2636 Dieser
919 2587 996 2649 (nicht
1005 2587 1217 2641 zuverwecbseln

193 2646 244 2705 lll-
268 2655 362 2723 epulis:
379 2655 539 2717 dorgleiclron
556 2655 659 2704 worden
713 2655 759 2705 mit
770 2656 825 2704 dem
834 2653 905 2718 1,2,6
917 2654 1218 2706 erutonteotristocbi-
1267 2673 1278 2683 r

157 2724 212 2773 dem
225 2722 318 2773 Senate
329 2722 375 2772 aul
383 2723 439 2771 dem
451 2722 550 2788 Capitol
562 2724 624 2773 odor
636 2723 660 2772 in
715 2723 753 2785 us)
766 2737 821 2771 war
832 2723 882 2773 seit
894 2723 934 2772 01.
946 2723 993 2772 133
1007 2725 1057 2786 (um
1067 2723 1125 2786 228)
1138 2724 1220 2788 Haupt

157 2791 239 2841 ciuem
255 2789 358 2856 Tempel
381 2791 429 2838 und
448 2790 600 2847 devaollie
617 2790 664 2841 aul
715 2791 760 2840 der
777 2790 987 2856 peripatetiseben
1002 2791 1093 2841 Scbule
1110 2793 1161 2842 und
1177 2792 1220 2840 lrat

158 2857 311 2908 dcmFornm
322 2857 399 2907 theils
410 2856 451 2907 bei
463 2859 509 2907 deu
519 2858 599 2923 femie
609 2858 660 2908 La-
714 2865 789 2908 noter
798 2858 891 2907 andern
900 2852 1167 2927 ὑπομνήματιίπερὶ
1176 2875 1218 2909 κε-

158 2928 228 2990 uota,
240 2926 314 2977 theiis
324 2924 659 2989 beiLeichcnbeg'aingnissen
690 2957 698 2962 -
713 2922 844 2983 νοδοξίας
852 2924 1028 2988 gescbricben,
1041 2926 1067 2975 in
1077 2926 1157 2977 denen
1167 2927 1219 2977 die-

157 2996 208 3044 und
220 2995 349 3044 liboliolteo
360 2992 557 3056 Gelogenlreiten
566 3009 659 3044 veruo·
676 2994 679 3003 '
714 2991 904 3059 sortusspruoo
914 2992 965 3041 wol
973 2993 1060 3043 seinen
1069 2993 1142 3046 Platz
1152 2995 1218 3045 land.

158 3063 255 3113 stultet.
279 3062 336 3125 Vgl.
349 3060 374 3128 ξ.
388 3062 429 3112 58.
714 3061 771 3125 Vgl.
787 3061 834 3110 den
851 3060 980 3110 iibnlicben
997 3061 1144 3128 Aussprncb
1160 3064 1217 3113 des-

191 3133 372 3183 cisceratt'obea
384 3146 470 3180 waren
482 3131 660 3196 urspriinglicb
714 3130 800 3180 selben
820 3128 924 3194 Aristo,
945 3130 991 3178 der
1010 3130 1218 3180 wnbrscbeinlicb

156 3197 354 3261 Vertbeilnngen
370 3214 419 3249 von
437 3200 522 3248 vobem
533 3199 660 3261 Fleisclrc,
714 3199 776 3248 anob
793 3198 817 3246 in
833 3198 902 3247 diese
918 3196 1012 3247 Sebril't
1027 3198 1129 3278 gebest,
1150 3197 1216 3247 Plut.

156 3281 188 3315 an
205 3266 295 3315 descen
314 3265 393 3315 Stclle
414 3267 501 3332 sp'dter
516 3268 577 3316 auch
596 3266 659 3318 Gcld
715 3266 768 3316 Cat.
780 3266 836 3316 mai.
852 3265 882 3315 18
901 3259 916 3316 ὃ
937 3266 984 3319 καὶ
1003 3260 1126 3335 μάλιστα
1145 3276 1218 3335 φασι

156 3333 267 3397 gegeben
280 3334 374 3383 werde.
713 3330 763 3386 τὸν
774 3328 937 3403 φιλόσοφον
942 3328 1092 3405 Ἀρίστωνα
1103 3328 1218 3403 θαυμά-

189 3403 364 3464 ccualv'onom,
387 3400 553 3453 Tbierbetzen
566 3403 590 3451 in
603 3404 658 3452 dont
714 3403 780 3463 ζειν,
799 3396 842 3452 ὅτι
859 3397 923 3458 τοὺς
939 3397 972 3452 τὰ
990 3397 1106 3472 περιττὰ
1123 3418 1218 3467 κεκτη-

156 3470 344 3536 Ampltitbenter
354 3469 404 3519 und
415 3469 510 3520 Circus.
712 3470 815 3538 μένους
824 3470 933 3539 μᾶλλον
949 3466 1082 3539 ἡγοῦνται
1096 3474 1218 3539 monopt-

191 3537 231 3589 ab.
256 3542 432 3608 apparatione,
450 3539 578 3605 priiobtige
593 3539 659 3591 Aus-
714 3555 762 3594 ους
783 3534 800 3604 ἢ
821 3533 885 3595 τοὺς
910 3539 966 3591 τῶν
985 3533 1145 3607 ἀναγκαίων
1172 3540 1217 3589 καὶ

157 3606 271 3671 riistune,
280 3607 573 3676 wieappucatosl,8,25‚
585 3608 660 3657 eben·
709 3609 859 3677 χρησίμων
871 3602 1054 3674 ἀποροῦντας.

157 3690 185 3723 so
202 3674 246 3723 das
264 3675 422 3739 adjectivum
437 3681 588 3744 apparatus.
613 3692 658 3741 pro
747 3691 808 3725 noo:
824 3674 1217 3740 desselbenllgemeioesnbject

158 3740 533 3812 Sost.56,116apparatuseoi
539 3746 659 3810 magnifi-
713 3743 1218 3796 wirddonndurobottendcrc'ntbezeieb·

157 3812 410 3890 ombbmmdquelrtdi.
420 3811 662 3878 ulexxxtttudv
713 3817 763 3877 net,
775 3827 796 3861 s.
808 3828 831 3860 z.
845 3810 871 3877 ξ.
883 3811 924 3862 39.

157 3881 399 3996 'diiambi-‚⁰⁰
435 3881 658 3998 tttttttt
745 3879 1155 4013 tttttd‘dltblbn.
1189 3947 1216 4000 n
