<?xml version="1.0" encoding="UTF-8"?>
<!DOCTYPE html PUBLIC "-//W3C//DTD XHTML 1.0 Transitional//EN"
    "http://www.w3.org/TR/xhtml1/DTD/xhtml1-transitional.dtd">
<html xmlns="http://www.w3.org/1999/xhtml" xml:lang="en" lang="en">
 <head>
  <title>
</title>
<meta http-equiv="Content-Type" content="text/html;charset=utf-8" />
  <meta name='ocr-system' content='tesseract 3.04.00' />
  <meta name='ocr-capabilities' content='ocr_page ocr_carea ocr_par ocr_line ocrx_word'/>
</head>
<body>
  <div class='ocr_page' id='page_1' title='image "./deofficiisadmar01heingoog_0207.png"; bbox 0 0 2772 4504; ppageno 0'>
   <div class='ocr_carea' id='block_1_1' title="bbox 168 255 794 324">
    <p class='ocr_par' dir='ltr' id='par_1_1' title="bbox 168 255 794 324">
     <span class='ocr_line' id='line_1_1' title="bbox 168 255 794 324; baseline 0.002 -14"><span class='ocrx_word' id='word_1_1' title='bbox 168 260 232 324; x_wconf 72' lang='lat'><strong>202</strong></span> <span class='ocrx_word' id='word_1_2' title='bbox 596 257 639 311; x_wconf 82' lang='lat' dir='ltr'><strong>mr</strong></span> <span class='ocrx_word' id='word_1_3' title='bbox 658 255 794 321; x_wconf 81' lang='lat' dir='ltr'><strong>urricus</strong></span> 
     </span>
    </p>
   </div>
   <div class='ocr_carea' id='block_1_2' title="bbox 97 409 1367 2571">
    <p class='ocr_par' dir='ltr' id='par_1_2' title="bbox 97 409 1367 2571">
     <span class='ocr_line' id='line_1_2' title="bbox 168 409 1227 493; baseline 0.003 -18"><span class='ocrx_word' id='word_1_4' title='bbox 168 409 279 475; x_wconf 79' lang='lat' dir='ltr'><strong>aiere?&#39;</strong></span> <span class='ocrx_word' id='word_1_5' title='bbox 308 412 342 474; x_wconf 93' lang='lat' dir='ltr'><strong>In</strong></span> <span class='ocrx_word' id='word_1_6' title='bbox 358 419 637 493; x_wconf 78' lang='lat' dir='ltr'><strong>utramquepartem</strong></span> <span class='ocrx_word' id='word_1_7' title='bbox 657 411 799 492; x_wconf 86' lang='lat' dir='ltr'><strong>disputat,</strong></span> <span class='ocrx_word' id='word_1_8' title='bbox 820 411 872 473; x_wconf 87' lang='lat' dir='ltr'><strong>sed</strong></span> <span class='ocrx_word' id='word_1_9' title='bbox 891 419 990 477; x_wconf 87' lang='lat' dir='ltr'><strong>tamon</strong></span> <span class='ocrx_word' id='word_1_10' title='bbox 1008 410 1044 475; x_wconf 92' lang='lat' dir='ltr'><strong>ad</strong></span> <span class='ocrx_word' id='word_1_11' title='bbox 1063 418 1227 477; x_wconf 77' lang='lat' dir='ltr'><strong>extremum</strong></span> 
     </span>
     <span class='ocr_line' id='line_1_3' title="bbox 168 495 1226 578; baseline -0.001 -18"><span class='ocrx_word' id='word_1_12' title='bbox 168 499 297 572; x_wconf 80' lang='lat' dir='ltr'><strong>utilitate,</strong></span> <span class='ocrx_word' id='word_1_13' title='bbox 311 505 447 578; x_wconf 85' lang='lat' dir='ltr'><strong>utputat,</strong></span> <span class='ocrx_word' id='word_1_14' title='bbox 463 497 593 559; x_wconf 82' lang='lat' dir='ltr'><strong>osticium</strong></span> <span class='ocrx_word' id='word_1_15' title='bbox 604 497 701 576; x_wconf 79' lang='lat' dir='ltr'><strong>dirigit</strong></span> <span class='ocrx_word' id='word_1_16' title='bbox 711 497 803 577; x_wconf 87' lang='lat' dir='ltr'><strong>magis</strong></span> <span class='ocrx_word' id='word_1_17' title='bbox 815 515 902 578; x_wconf 86' lang='lat' dir='ltr'><strong>quam</strong></span> <span class='ocrx_word' id='word_1_18' title='bbox 913 495 1101 561; x_wconf 72' lang='lat' dir='ltr'><strong>humanitate.</strong></span> <span class='ocrx_word' id='word_1_19' title='bbox 1127 498 1226 572; x_wconf 82' lang='lat' dir='ltr'><strong>Quae-</strong></span> 
     </span>
     <span class='ocr_line' id='line_1_4' title="bbox 119 582 1226 663; baseline 0.002 -17"><span class='ocrx_word' id='word_1_20' title='bbox 119 626 124 631; x_wconf 83' lang='lat'><em>-</em></span> <span class='ocrx_word' id='word_1_21' title='bbox 168 584 216 656; x_wconf 88' lang='lat' dir='ltr'><strong>rit,</strong></span> <span class='ocrx_word' id='word_1_22' title='bbox 231 584 265 644; x_wconf 86' lang='lat' dir='ltr'><strong>‘si</strong></span> <span class='ocrx_word' id='word_1_23' title='bbox 276 583 307 644; x_wconf 93' lang='lat' dir='ltr'><strong>in</strong></span> <span class='ocrx_word' id='word_1_24' title='bbox 318 585 392 645; x_wconf 90' lang='lat' dir='ltr'><strong>mari</strong></span> <span class='ocrx_word' id='word_1_25' title='bbox 403 584 511 646; x_wconf 87' lang='lat' dir='ltr'><strong>iactura</strong></span> <span class='ocrx_word' id='word_1_26' title='bbox 521 583 651 646; x_wconf 85' lang='lat' dir='ltr'><strong>iacienda</strong></span> <span class='ocrx_word' id='word_1_27' title='bbox 662 584 707 658; x_wconf 87' lang='lat' dir='ltr'><strong>sit,</strong></span> <span class='ocrx_word' id='word_1_28' title='bbox 722 583 827 663; x_wconf 79' lang='lat' dir='ltr'>equine</span> <span class='ocrx_word' id='word_1_29' title='bbox 837 582 964 663; x_wconf 74' lang='lat' dir='ltr'>preciosi</span> <span class='ocrx_word' id='word_1_30' title='bbox 974 583 1074 662; x_wconf 89' lang='lat' dir='ltr'><strong>potius</strong></span> <span class='ocrx_word' id='word_1_31' title='bbox 1084 583 1226 647; x_wconf 86' lang='lat' dir='ltr'><strong>iaeturam</strong></span> 
     </span>
     <span class='ocr_line' id='line_1_5' title="bbox 169 666 1227 743; baseline 0 -14"><span class='ocrx_word' id='word_1_32' title='bbox 169 669 253 731; x_wconf 83' lang='lat' dir='ltr'><strong>faciat</strong></span> <span class='ocrx_word' id='word_1_33' title='bbox 267 687 304 731; x_wconf 88' lang='lat' dir='ltr'><strong>an</strong></span> <span class='ocrx_word' id='word_1_34' title='bbox 319 669 426 731; x_wconf 87' lang='lat' dir='ltr'><strong>servuli</strong></span> <span class='ocrx_word' id='word_1_35' title='bbox 440 666 537 731; x_wconf 71' lang='lat' dir='ltr'><strong>vilisi&#39;</strong></span> <span class='ocrx_word' id='word_1_36' title='bbox 567 669 620 731; x_wconf 91' lang='lat' dir='ltr'><strong>Hic</strong></span> <span class='ocrx_word' id='word_1_37' title='bbox 634 668 690 731; x_wconf 81' lang='lat' dir='ltr'><strong>alio</strong></span> <span class='ocrx_word' id='word_1_38' title='bbox 705 688 753 731; x_wconf 90' lang='lat' dir='ltr'><strong>res</strong></span> <span class='ocrx_word' id='word_1_39' title='bbox 769 667 932 743; x_wconf 82' lang='lat' dir='ltr'><strong>familiaris,</strong></span> <span class='ocrx_word' id='word_1_40' title='bbox 953 667 1009 733; x_wconf 85' lang='lat' dir='ltr'><strong>alio</strong></span> <span class='ocrx_word' id='word_1_41' title='bbox 1026 668 1106 731; x_wconf 88' lang='lat' dir='ltr'><strong>ducit</strong></span> <span class='ocrx_word' id='word_1_42' title='bbox 1119 668 1227 741; x_wconf 79' lang='lat' dir='ltr'><strong>buma-</strong></span> 
     </span>
     <span class='ocr_line' id='line_1_6' title="bbox 168 753 1367 839; baseline -0.002 -22"><span class='ocrx_word' id='word_1_43' title='bbox 168 754 253 817; x_wconf 85' lang='lat' dir='ltr'><strong>nitas.</strong></span> <span class='ocrx_word' id='word_1_44' title='bbox 284 754 325 815; x_wconf 87' lang='lat' dir='ltr'><strong>‘Si</strong></span> <span class='ocrx_word' id='word_1_45' title='bbox 339 754 468 817; x_wconf 84' lang='lat' dir='ltr'><strong>tabubun</strong></span> <span class='ocrx_word' id='word_1_46' title='bbox 482 755 518 815; x_wconf 89' lang='lat' dir='ltr'><strong>de</strong></span> <span class='ocrx_word' id='word_1_47' title='bbox 533 754 684 834; x_wconf 85' lang='lat' dir='ltr'><strong>naufragio</strong></span> <span class='ocrx_word' id='word_1_48' title='bbox 701 754 806 817; x_wconf 82' lang='lat' dir='ltr'><strong>stultus</strong></span> <span class='ocrx_word' id='word_1_49' title='bbox 822 753 990 833; x_wconf 78' lang='lat' dir='ltr'><strong>adripuerit,</strong></span> <span class='ocrx_word' id='word_1_50' title='bbox 1006 753 1227 834; x_wconf 74' lang='lat' dir='ltr'><strong>extorquebitne</strong></span> <span class='ocrx_word' id='word_1_51' title='bbox 1366 788 1367 839; x_wconf 70' lang='lat'>3</span> 
     </span>
     <span class='ocr_line' id='line_1_7' title="bbox 169 828 1367 920; baseline -0.003 -19"><span class='ocrx_word' id='word_1_52' title='bbox 169 859 233 902; x_wconf 87' lang='lat' dir='ltr'><strong>eam</strong></span> <span class='ocrx_word' id='word_1_53' title='bbox 249 840 381 919; x_wconf 79' lang='lat' dir='ltr'><strong>sepiem,</strong></span> <span class='ocrx_word' id='word_1_54' title='bbox 401 841 427 901; x_wconf 91' lang='lat' dir='ltr'><strong>si</strong></span> <span class='ocrx_word' id='word_1_55' title='bbox 447 837 608 920; x_wconf 82' lang='lat' dir='ltr'><strong>potuerit?’</strong></span> <span class='ocrx_word' id='word_1_56' title='bbox 638 840 742 918; x_wconf 86' lang='lat' dir='ltr'><strong>Negat,</strong></span> <span class='ocrx_word' id='word_1_57' title='bbox 765 838 845 920; x_wconf 85' lang='lat' dir='ltr'><strong>‘quia</strong></span> <span class='ocrx_word' id='word_1_58' title='bbox 865 838 903 901; x_wconf 90' lang='lat' dir='ltr'><strong>sit</strong></span> <span class='ocrx_word' id='word_1_59' title='bbox 921 838 1079 903; x_wconf 66' lang='lat' dir='ltr'><strong>iniurium!</strong></span> <span class='ocrx_word' id='word_1_60' title='bbox 1110 828 1308 913; x_wconf 64' lang='lat' dir='ltr'><strong>‘Quernas</strong></span> <span class='ocrx_word' id='word_1_61' title='bbox 1366 878 1367 913; x_wconf 76' lang='lat'><strong>,</strong></span> 
     </span>
     <span class='ocr_line' id='line_1_8' title="bbox 169 922 1367 1017; baseline -0.003 -29"><span class='ocrx_word' id='word_1_62' title='bbox 169 925 308 988; x_wconf 88' lang='lat' dir='ltr'><strong>dominus</strong></span> <span class='ocrx_word' id='word_1_63' title='bbox 323 926 404 989; x_wconf 81' lang='lat' dir='ltr'><strong>naris</strong></span> <span class='ocrx_word' id='word_1_64' title='bbox 420 925 559 1006; x_wconf 80' lang='lat' dir='ltr'><strong>eripietne</strong></span> <span class='ocrx_word' id='word_1_65' title='bbox 574 922 696 988; x_wconf 70' lang='lat' dir='ltr'><strong>suumi’</strong></span> <span class='ocrx_word' id='word_1_66' title='bbox 729 924 870 999; x_wconf 76' lang='lat' dir='ltr'><strong>‘Minime</strong></span> <span class='ocrx_word' id='word_1_67' title='bbox 884 942 946 987; x_wconf 90' lang='lat' dir='ltr'><strong>non</strong></span> <span class='ocrx_word' id='word_1_68' title='bbox 960 925 1026 1005; x_wconf 88' lang='lat' dir='ltr'><strong>plus</strong></span> <span class='ocrx_word' id='word_1_69' title='bbox 1041 942 1130 1005; x_wconf 80' lang='lat' dir='ltr'><strong>quam</strong></span> <span class='ocrx_word' id='word_1_70' title='bbox 1143 924 1226 986; x_wconf 86' lang='lat' dir='ltr'><strong>navi-</strong></span> <span class='ocrx_word' id='word_1_71' title='bbox 1366 922 1367 1017; x_wconf 61' lang='lat' dir='ltr'><strong>i</strong></span> 
     </span>
     <span class='ocr_line' id='line_1_9' title="bbox 122 1002 1367 1090; baseline -0.001 -18"><span class='ocrx_word' id='word_1_72' title='bbox 122 1026 127 1030; x_wconf 84' lang='grc'>’</span> <span class='ocrx_word' id='word_1_73' title='bbox 168 1019 287 1090; x_wconf 78' lang='lat' dir='ltr'><strong>gentem</strong></span> <span class='ocrx_word' id='word_1_74' title='bbox 305 1011 336 1072; x_wconf 91' lang='lat' dir='ltr'><strong>in</strong></span> <span class='ocrx_word' id='word_1_75' title='bbox 352 1012 409 1073; x_wconf 88' lang='lat' dir='ltr'><strong>aito</strong></span> <span class='ocrx_word' id='word_1_76' title='bbox 430 1011 522 1073; x_wconf 88' lang='lat' dir='ltr'><strong>eicere</strong></span> <span class='ocrx_word' id='word_1_77' title='bbox 542 1010 578 1072; x_wconf 90' lang='lat' dir='ltr'><strong>de</strong></span> <span class='ocrx_word' id='word_1_78' title='bbox 596 1010 661 1071; x_wconf 89' lang='lat' dir='ltr'><strong>navi</strong></span> <span class='ocrx_word' id='word_1_79' title='bbox 681 1009 761 1084; x_wconf 87' lang='lat' dir='ltr'><strong>velit,</strong></span> <span class='ocrx_word' id='word_1_80' title='bbox 783 1010 849 1090; x_wconf 86' lang='lat' dir='ltr'><strong>quia</strong></span> <span class='ocrx_word' id='word_1_81' title='bbox 871 1002 929 1073; x_wconf 66' lang='lat' dir='ltr'><strong>sud</strong></span> <span class='ocrx_word' id='word_1_82' title='bbox 944 1010 990 1071; x_wconf 86' lang='lat' dir='ltr'><strong>sit.</strong></span> <span class='ocrx_word' id='word_1_83' title='bbox 1021 1010 1124 1083; x_wconf 83' lang='lat' dir='ltr'><strong>Quoad</strong></span> <span class='ocrx_word' id='word_1_84' title='bbox 1145 1009 1226 1071; x_wconf 89' lang='lat' dir='ltr'><strong>enim</strong></span> <span class='ocrx_word' id='word_1_85' title='bbox 1366 1026 1367 1035; x_wconf 57' lang='lat'>¹</span> 
     </span>
     <span class='ocr_line' id='line_1_10' title="bbox 167 1094 1226 1176; baseline 0 -20"><span class='ocrx_word' id='word_1_86' title='bbox 167 1097 393 1175; x_wconf 84' lang='lat' dir='ltr'><strong>perventumsit</strong></span> <span class='ocrx_word' id='word_1_87' title='bbox 407 1115 535 1176; x_wconf 48' lang='lat' dir='ltr'><strong>eo,*quo</strong></span> <span class='ocrx_word' id='word_1_88' title='bbox 556 1104 673 1176; x_wconf 87' lang='lat' dir='ltr'><strong>sumpta</strong></span> <span class='ocrx_word' id='word_1_89' title='bbox 691 1096 772 1158; x_wconf 86' lang='lat' dir='ltr'><strong>navis</strong></span> <span class='ocrx_word' id='word_1_90' title='bbox 788 1103 847 1169; x_wconf 89' lang='lat' dir='ltr'><strong>eet,</strong></span> <span class='ocrx_word' id='word_1_91' title='bbox 868 1114 930 1157; x_wconf 88' lang='lat' dir='ltr'><strong>non</strong></span> <span class='ocrx_word' id='word_1_92' title='bbox 949 1095 1061 1159; x_wconf 88' lang='lat' dir='ltr'><strong>domini</strong></span> <span class='ocrx_word' id='word_1_93' title='bbox 1075 1102 1121 1159; x_wconf 86' lang='lat' dir='ltr'><strong>est</strong></span> <span class='ocrx_word' id='word_1_94' title='bbox 1132 1094 1226 1168; x_wconf 87' lang='lat' dir='ltr'><strong>narie,</strong></span> 
     </span>
     <span class='ocr_line' id='line_1_11' title="bbox 115 1180 1226 1260; baseline -0.004 -15"><span class='ocrx_word' id='word_1_95' title='bbox 115 1196 148 1245; x_wconf 83' lang='lat'><strong>90</strong></span> <span class='ocrx_word' id='word_1_96' title='bbox 170 1182 221 1243; x_wconf 88' lang='lat' dir='ltr'><strong>sed</strong></span> <span class='ocrx_word' id='word_1_97' title='bbox 240 1180 454 1259; x_wconf 63' lang='lat' dir='ltr'><strong>navigantium!</strong></span> <span class='ocrx_word' id='word_1_98' title='bbox 486 1180 596 1255; x_wconf 79' lang='lat' dir='ltr'><strong>‘Quid‘i</strong></span> <span class='ocrx_word' id='word_1_99' title='bbox 623 1181 648 1242; x_wconf 84' lang='lat' dir='ltr'><strong>si</strong></span> <span class='ocrx_word' id='word_1_100' title='bbox 663 1200 722 1244; x_wconf 90' lang='lat' dir='ltr'><strong>una</strong></span> <span class='ocrx_word' id='word_1_101' title='bbox 736 1181 832 1243; x_wconf 84' lang='lat' dir='ltr'><strong>tabula</strong></span> <span class='ocrx_word' id='word_1_102' title='bbox 848 1181 900 1256; x_wconf 89' lang='lat' dir='ltr'><strong>sit,</strong></span> <span class='ocrx_word' id='word_1_103' title='bbox 918 1181 976 1242; x_wconf 91' lang='lat' dir='ltr'><strong>duo</strong></span> <span class='ocrx_word' id='word_1_104' title='bbox 994 1181 1127 1260; x_wconf 76' lang='lat' dir='ltr'><strong>naufragi</strong></span> <span class='ocrx_word' id='word_1_105' title='bbox 1140 1180 1226 1260; x_wconf 85' lang='lat' dir='ltr'><strong>eique</strong></span> 
     </span>
     <span class='ocr_line' id='line_1_12' title="bbox 169 1263 1227 1347; baseline 0.002 -20"><span class='ocrx_word' id='word_1_106' title='bbox 169 1265 329 1347; x_wconf 89' lang='lat' dir='ltr'><strong>sapientes,</strong></span> <span class='ocrx_word' id='word_1_107' title='bbox 354 1267 448 1328; x_wconf 87' lang='lat' dir='ltr'><strong>sibine</strong></span> <span class='ocrx_word' id='word_1_108' title='bbox 469 1275 593 1347; x_wconf 87' lang='lat' dir='ltr'><strong>uterque</strong></span> <span class='ocrx_word' id='word_1_109' title='bbox 616 1266 711 1347; x_wconf 88' lang='lat' dir='ltr'><strong>rapiat</strong></span> <span class='ocrx_word' id='word_1_110' title='bbox 735 1285 774 1328; x_wconf 92' lang='lat' dir='ltr'><strong>an</strong></span> <span class='ocrx_word' id='word_1_111' title='bbox 792 1267 863 1329; x_wconf 89' lang='lat' dir='ltr'><strong>alter</strong></span> <span class='ocrx_word' id='word_1_112' title='bbox 883 1266 965 1329; x_wconf 86' lang='lat' dir='ltr'><strong>cedat</strong></span> <span class='ocrx_word' id='word_1_113' title='bbox 983 1263 1093 1328; x_wconf 74' lang='lat' dir='ltr'><strong>alterii’</strong></span> <span class='ocrx_word' id='word_1_114' title='bbox 1123 1265 1227 1329; x_wconf 82' lang='lat' dir='ltr'><strong>‘Cedat</strong></span> 
     </span>
     <span class='ocr_line' id='line_1_13' title="bbox 168 1348 1225 1432; baseline 0.002 -20"><span class='ocrx_word' id='word_1_115' title='bbox 168 1371 251 1426; x_wconf 86' lang='lat' dir='ltr'><strong>vero,</strong></span> <span class='ocrx_word' id='word_1_116' title='bbox 273 1352 325 1412; x_wconf 91' lang='lat' dir='ltr'><strong>sed</strong></span> <span class='ocrx_word' id='word_1_117' title='bbox 340 1351 379 1426; x_wconf 89' lang='lat' dir='ltr'><strong>ei,</strong></span> <span class='ocrx_word' id='word_1_118' title='bbox 399 1348 482 1414; x_wconf 88' lang='lat' dir='ltr'><strong>cuius</strong></span> <span class='ocrx_word' id='word_1_119' title='bbox 501 1353 595 1431; x_wconf 86' lang='lat' dir='ltr'><strong>magis</strong></span> <span class='ocrx_word' id='word_1_120' title='bbox 613 1353 729 1414; x_wconf 89' lang='lat' dir='ltr'><strong>intersit</strong></span> <span class='ocrx_word' id='word_1_121' title='bbox 742 1353 786 1413; x_wconf 88' lang='lat' dir='ltr'><strong>vel</strong></span> <span class='ocrx_word' id='word_1_122' title='bbox 806 1371 858 1414; x_wconf 89' lang='lat' dir='ltr'><strong>sua</strong></span> <span class='ocrx_word' id='word_1_123' title='bbox 877 1352 921 1413; x_wconf 85' lang='lat' dir='ltr'><strong>rel</strong></span> <span class='ocrx_word' id='word_1_124' title='bbox 935 1353 977 1414; x_wconf 91' lang='lat' dir='ltr'><strong>rei</strong></span> <span class='ocrx_word' id='word_1_125' title='bbox 991 1351 1123 1432; x_wconf 83' lang='lat' dir='ltr'><strong>publicae</strong></span> <span class='ocrx_word' id='word_1_126' title='bbox 1137 1370 1225 1414; x_wconf 73' lang='lat' dir='ltr'><strong>carme</strong></span> 
     </span>
     <span class='ocr_line' id='line_1_14' title="bbox 167 1435 1223 1518; baseline -0.001 -20"><span class='ocrx_word' id='word_1_127' title='bbox 167 1437 280 1498; x_wconf 65' lang='lat' dir='ltr'><strong>rivere!</strong></span> <span class='ocrx_word' id='word_1_128' title='bbox 295 1472 337 1482; x_wconf 92' lang='lat'><strong>--</strong></span> <span class='ocrx_word' id='word_1_129' title='bbox 353 1435 463 1510; x_wconf 73' lang='lat' dir='ltr'><strong>‘Quat</strong></span> <span class='ocrx_word' id='word_1_130' title='bbox 486 1438 511 1498; x_wconf 89' lang='lat' dir='ltr'><strong>si</strong></span> <span class='ocrx_word' id='word_1_131' title='bbox 525 1438 597 1499; x_wconf 88' lang='lat' dir='ltr'><strong>baec</strong></span> <span class='ocrx_word' id='word_1_132' title='bbox 610 1436 692 1518; x_wconf 87' lang='lat' dir='ltr'><strong>paria</strong></span> <span class='ocrx_word' id='word_1_133' title='bbox 707 1437 738 1499; x_wconf 89' lang='lat' dir='ltr'><strong>in</strong></span> <span class='ocrx_word' id='word_1_134' title='bbox 752 1435 914 1518; x_wconf 82' lang='lat' dir='ltr'><strong>utroque‘i’</strong></span> <span class='ocrx_word' id='word_1_135' title='bbox 944 1437 1075 1501; x_wconf 83' lang='lat' dir='ltr'><strong>‘Nullum</strong></span> <span class='ocrx_word' id='word_1_136' title='bbox 1089 1437 1144 1501; x_wconf 87' lang='lat' dir='ltr'><strong>erit</strong></span> <span class='ocrx_word' id='word_1_137' title='bbox 1159 1455 1223 1498; x_wconf 89' lang='lat' dir='ltr'><strong>cer-</strong></span> 
     </span>
     <span class='ocr_line' id='line_1_15' title="bbox 167 1520 1224 1601; baseline -0.001 -17"><span class='ocrx_word' id='word_1_138' title='bbox 167 1530 277 1595; x_wconf 88' lang='lat' dir='ltr'><strong>tamen,</strong></span> <span class='ocrx_word' id='word_1_139' title='bbox 298 1524 351 1583; x_wconf 91' lang='lat' dir='ltr'><strong>sed</strong></span> <span class='ocrx_word' id='word_1_140' title='bbox 367 1523 450 1601; x_wconf 90' lang='lat' dir='ltr'><strong>quasi</strong></span> <span class='ocrx_word' id='word_1_141' title='bbox 466 1531 545 1584; x_wconf 90' lang='lat' dir='ltr'><strong>sorte</strong></span> <span class='ocrx_word' id='word_1_142' title='bbox 561 1531 610 1584; x_wconf 89' lang='lat' dir='ltr'><strong>aut</strong></span> <span class='ocrx_word' id='word_1_143' title='bbox 624 1523 759 1585; x_wconf 90' lang='lat' dir='ltr'><strong>micando</strong></span> <span class='ocrx_word' id='word_1_144' title='bbox 775 1523 868 1586; x_wconf 91' lang='lat' dir='ltr'><strong>victus</strong></span> <span class='ocrx_word' id='word_1_145' title='bbox 883 1523 964 1585; x_wconf 85' lang='lat' dir='ltr'><strong>alteri</strong></span> <span class='ocrx_word' id='word_1_146' title='bbox 979 1523 1062 1584; x_wconf 86' lang='lat' dir='ltr'><strong>cedet</strong></span> <span class='ocrx_word' id='word_1_147' title='bbox 1074 1520 1166 1584; x_wconf 66' lang='lat' dir='ltr'><strong>atter)</strong></span> <span class='ocrx_word' id='word_1_148' title='bbox 1179 1557 1224 1569; x_wconf 90' lang='lat'><strong>-·</strong></span> 
     </span>
     <span class='ocr_line' id='line_1_16' title="bbox 168 1605 1224 1694; baseline 0 -26"><span class='ocrx_word' id='word_1_149' title='bbox 168 1605 275 1681; x_wconf 70' lang='lat' dir='ltr'><strong>‘Quint</strong></span> <span class='ocrx_word' id='word_1_150' title='bbox 304 1608 329 1668; x_wconf 92' lang='lat' dir='ltr'><strong>si</strong></span> <span class='ocrx_word' id='word_1_151' title='bbox 348 1620 430 1688; x_wconf 88' lang='lat' dir='ltr'><strong>pater</strong></span> <span class='ocrx_word' id='word_1_152' title='bbox 449 1610 516 1670; x_wconf 84' lang='lat' dir='ltr'><strong>iana</strong></span> <span class='ocrx_word' id='word_1_153' title='bbox 530 1608 648 1689; x_wconf 85' lang='lat' dir='ltr'><strong>erpilet,</strong></span> <span class='ocrx_word' id='word_1_154' title='bbox 670 1607 1126 1694; x_wconf 50' lang='lat' dir='ltr'><strong>cuniculogjggfflgerarium,</strong></span> <span class='ocrx_word' id='word_1_155' title='bbox 1145 1607 1224 1668; x_wconf 90' lang='lat' dir='ltr'><strong>indi-</strong></span> 
     </span>
     <span class='ocr_line' id='line_1_17' title="bbox 97 1687 1224 1773; baseline 0.001 -20"><span class='ocrx_word' id='word_1_156' title='bbox 97 1687 100 1693; x_wconf 81' lang='grc'><strong>’</strong></span> <span class='ocrx_word' id='word_1_157' title='bbox 168 1701 250 1769; x_wconf 79' lang='lat' dir='ltr'><strong>cetne</strong></span> <span class='ocrx_word' id='word_1_158' title='bbox 265 1693 295 1754; x_wconf 95' lang='lat' dir='ltr'><strong>id</strong></span> <span class='ocrx_word' id='word_1_159' title='bbox 309 1694 526 1771; x_wconf 85' lang='lat' dir='ltr'><strong>magistratibus</strong></span> <span class='ocrx_word' id='word_1_160' title='bbox 542 1691 649 1755; x_wconf 78' lang='lat' dir='ltr'><strong>iiliusi’</strong></span> <span class='ocrx_word' id='word_1_161' title='bbox 675 1694 769 1755; x_wconf 82' lang='lat' dir='ltr'><strong>‘Nefas</strong></span> <span class='ocrx_word' id='word_1_162' title='bbox 785 1694 813 1754; x_wconf 90' lang='lat' dir='ltr'><strong>id</strong></span> <span class='ocrx_word' id='word_1_163' title='bbox 827 1694 953 1773; x_wconf 87' lang='lat' dir='ltr'><strong>quidem.</strong></span> <span class='ocrx_word' id='word_1_164' title='bbox 979 1693 1155 1770; x_wconf 81' lang='lat' dir='ltr'><strong>Quinetiam</strong></span> <span class='ocrx_word' id='word_1_165' title='bbox 1170 1694 1224 1754; x_wconf 91' lang='lat' dir='ltr'><strong>de-</strong></span> 
     </span>
     <span class='ocr_line' id='line_1_18' title="bbox 167 1763 1222 1860; baseline 0.001 -21"><span class='ocrx_word' id='word_1_166' title='bbox 167 1779 264 1840; x_wconf 79' lang='lat' dir='ltr'><strong>fendat</strong></span> <span class='ocrx_word' id='word_1_167' title='bbox 278 1787 399 1857; x_wconf 89' lang='lat' dir='ltr'><strong>patrem,</strong></span> <span class='ocrx_word' id='word_1_168' title='bbox 415 1779 440 1840; x_wconf 90' lang='lat' dir='ltr'><strong>si</strong></span> <span class='ocrx_word' id='word_1_169' title='bbox 455 1779 608 1858; x_wconf 63' lang='lat' dir='ltr'><strong>arguatur!</strong></span> <span class='ocrx_word' id='word_1_170' title='bbox 640 1779 716 1840; x_wconf 91' lang='lat' dir='ltr'><strong>‘Non</strong></span> <span class='ocrx_word' id='word_1_171' title='bbox 729 1778 817 1858; x_wconf 88' lang='lat' dir='ltr'><strong>igitur</strong></span> <span class='ocrx_word' id='word_1_172' title='bbox 832 1763 926 1859; x_wconf 68' lang='lat' dir='ltr'><strong>patrii</strong></span> <span class='ocrx_word' id='word_1_173' title='bbox 940 1787 1069 1860; x_wconf 87' lang='lat' dir='ltr'><strong>praestat</strong></span> <span class='ocrx_word' id='word_1_174' title='bbox 1084 1779 1222 1841; x_wconf 91' lang='lat' dir='ltr'><strong>omnibus</strong></span> 
     </span>
     <span class='ocr_line' id='line_1_19' title="bbox 168 1863 1223 1955; baseline 0.002 -30"><span class='ocrx_word' id='word_1_175' title='bbox 168 1863 290 1925; x_wconf 61' lang='lat' dir='ltr'><strong>officiis!</strong></span> <span class='ocrx_word' id='word_1_176' title='bbox 320 1864 423 1925; x_wconf 84' lang='lat' dir='ltr'><strong>‘Immo</strong></span> <span class='ocrx_word' id='word_1_177' title='bbox 438 1883 515 1938; x_wconf 89' lang='lat' dir='ltr'><strong>vero,</strong></span> <span class='ocrx_word' id='word_1_178' title='bbox 530 1864 581 1925; x_wconf 90' lang='lat' dir='ltr'><strong>sed</strong></span> <span class='ocrx_word' id='word_1_179' title='bbox 596 1864 653 1944; x_wconf 91' lang='lat' dir='ltr'><strong>ipsi</strong></span> <span class='ocrx_word' id='word_1_180' title='bbox 667 1864 778 1944; x_wconf 90' lang='lat' dir='ltr'><strong>patriae</strong></span> <span class='ocrx_word' id='word_1_181' title='bbox 793 1864 930 1955; x_wconf 67' lang='lat' dir='ltr'><strong>conducit</strong></span> <span class='ocrx_word' id='word_1_182' title='bbox 944 1864 1011 1946; x_wconf 84' lang='lat' dir='ltr'><strong>pios</strong></span> <span class='ocrx_word' id='word_1_183' title='bbox 1025 1864 1132 1951; x_wconf 60' lang='lat' dir='ltr'><strong>babere</strong></span> <span class='ocrx_word' id='word_1_184' title='bbox 1145 1863 1223 1927; x_wconf 84' lang='lat' dir='ltr'><strong>eires</strong></span> 
     </span>
     <span class='ocr_line' id='line_1_20' title="bbox 167 1947 1224 2031; baseline 0.001 -21"><span class='ocrx_word' id='word_1_185' title='bbox 167 1948 198 2013; x_wconf 88' lang='lat' dir='ltr'><strong>in</strong></span> <span class='ocrx_word' id='word_1_186' title='bbox 212 1948 367 2027; x_wconf 59' lang='lat' dir='ltr'><strong>parentes?</strong></span> <span class='ocrx_word' id='word_1_187' title='bbox 381 1985 423 1994; x_wconf 93' lang='lat'><strong>--</strong></span> <span class='ocrx_word' id='word_1_188' title='bbox 448 1947 557 2022; x_wconf 65' lang='lat' dir='ltr'><strong>‘Ouidi</strong></span> <span class='ocrx_word' id='word_1_189' title='bbox 580 1950 606 2011; x_wconf 89' lang='lat' dir='ltr'><strong>si</strong></span> <span class='ocrx_word' id='word_1_190' title='bbox 620 1950 802 2029; x_wconf 80' lang='lat' dir='ltr'><strong>tyrannidem</strong></span> <span class='ocrx_word' id='word_1_191' title='bbox 813 1969 965 2031; x_wconf 85' lang='lat' dir='ltr'><strong>occupare,</strong></span> <span class='ocrx_word' id='word_1_192' title='bbox 980 1950 1006 2012; x_wconf 90' lang='lat' dir='ltr'><strong>si</strong></span> <span class='ocrx_word' id='word_1_193' title='bbox 1016 1950 1138 2030; x_wconf 83' lang='lat' dir='ltr'><strong>patriam</strong></span> <span class='ocrx_word' id='word_1_194' title='bbox 1150 1968 1224 2029; x_wconf 87' lang='lat' dir='ltr'><strong>pro·</strong></span> 
     </span>
     <span class='ocr_line' id='line_1_21' title="bbox 151 2033 1226 2119; baseline 0.002 -25"><span class='ocrx_word' id='word_1_195' title='bbox 151 2034 235 2119; x_wconf 88' lang='lat' dir='ltr'><strong>dere</strong></span> <span class='ocrx_word' id='word_1_196' title='bbox 255 2033 408 2095; x_wconf 80' lang='lat' dir='ltr'><strong>conabitur</strong></span> <span class='ocrx_word' id='word_1_197' title='bbox 426 2042 520 2114; x_wconf 89' lang='lat' dir='ltr'><strong>pater,</strong></span> <span class='ocrx_word' id='word_1_198' title='bbox 542 2034 676 2097; x_wconf 87' lang='lat' dir='ltr'><strong>silebitne</strong></span> <span class='ocrx_word' id='word_1_199' title='bbox 694 2034 805 2097; x_wconf 75' lang='lat' dir='ltr'><strong>filiusi’</strong></span> <span class='ocrx_word' id='word_1_200' title='bbox 840 2037 950 2098; x_wconf 86' lang='lat' dir='ltr'><strong>‘Immo</strong></span> <span class='ocrx_word' id='word_1_201' title='bbox 969 2055 1039 2098; x_wconf 81' lang='lat' dir='ltr'><strong>vero</strong></span> <span class='ocrx_word' id='word_1_202' title='bbox 1059 2034 1226 2098; x_wconf 82' lang='lat' dir='ltr'><strong>obsecrabit</strong></span> 
     </span>
     <span class='ocr_line' id='line_1_22' title="bbox 167 2118 1226 2202; baseline 0.001 -22"><span class='ocrx_word' id='word_1_203' title='bbox 167 2126 290 2199; x_wconf 85' lang='lat' dir='ltr'><strong>patrem,</strong></span> <span class='ocrx_word' id='word_1_204' title='bbox 305 2137 343 2180; x_wconf 91' lang='lat' dir='ltr'><strong>ne</strong></span> <span class='ocrx_word' id='word_1_205' title='bbox 357 2118 386 2181; x_wconf 93' lang='lat' dir='ltr'><strong>id</strong></span> <span class='ocrx_word' id='word_1_206' title='bbox 397 2120 489 2199; x_wconf 82' lang='lat' dir='ltr'><strong>faciat.</strong></span> <span class='ocrx_word' id='word_1_207' title='bbox 517 2120 548 2181; x_wconf 91' lang='lat' dir='ltr'><strong>Si</strong></span> <span class='ocrx_word' id='word_1_208' title='bbox 559 2120 632 2182; x_wconf 93' lang='lat' dir='ltr'><strong>nihil</strong></span> <span class='ocrx_word' id='word_1_209' title='bbox 643 2121 782 2202; x_wconf 84' lang='lat' dir='ltr'><strong>proficiet,</strong></span> <span class='ocrx_word' id='word_1_210' title='bbox 794 2121 949 2196; x_wconf 79' lang='lat' dir='ltr'><strong>accusabit,</strong></span> <span class='ocrx_word' id='word_1_211' title='bbox 960 2121 1119 2185; x_wconf 89' lang='lat' dir='ltr'><strong>minabitur</strong></span> <span class='ocrx_word' id='word_1_212' title='bbox 1129 2121 1226 2194; x_wconf 89' lang='lat' dir='ltr'><strong>etiam,</strong></span> 
     </span>
     <span class='ocr_line' id='line_1_23' title="bbox 168 2204 1315 2287; baseline -0.001 -20"><span class='ocrx_word' id='word_1_213' title='bbox 168 2205 203 2267; x_wconf 90' lang='lat' dir='ltr'><strong>ad</strong></span> <span class='ocrx_word' id='word_1_214' title='bbox 214 2212 389 2281; x_wconf 83' lang='lat' dir='ltr'><strong>extremum,</strong></span> <span class='ocrx_word' id='word_1_215' title='bbox 404 2204 430 2267; x_wconf 88' lang='lat' dir='ltr'><strong>si</strong></span> <span class='ocrx_word' id='word_1_216' title='bbox 445 2206 479 2267; x_wconf 91' lang='lat' dir='ltr'><strong>ad</strong></span> <span class='ocrx_word' id='word_1_217' title='bbox 495 2205 652 2286; x_wconf 88' lang='lat' dir='ltr'><strong>perniciem</strong></span> <span class='ocrx_word' id='word_1_218' title='bbox 667 2206 777 2287; x_wconf 88' lang='lat' dir='ltr'><strong>patriae</strong></span> <span class='ocrx_word' id='word_1_219' title='bbox 790 2225 839 2268; x_wconf 90' lang='lat' dir='ltr'><strong>res</strong></span> <span class='ocrx_word' id='word_1_220' title='bbox 854 2206 1006 2287; x_wconf 84' lang='lat' dir='ltr'><strong>spectabit,</strong></span> <span class='ocrx_word' id='word_1_221' title='bbox 1021 2207 1130 2286; x_wconf 85' lang='lat' dir='ltr'><strong>patriae</strong></span> <span class='ocrx_word' id='word_1_222' title='bbox 1145 2207 1225 2268; x_wconf 88' lang='lat' dir='ltr'><strong>salu·</strong></span> <span class='ocrx_word' id='word_1_223' title='bbox 1300 2268 1315 2283; x_wconf 56' lang='grc'><em>,</em></span> 
     </span>
     <span class='ocr_line' id='line_1_24' title="bbox 115 2290 1226 2372; baseline 0.001 -20"><span class='ocrx_word' id='word_1_224' title='bbox 115 2292 227 2369; x_wconf 72' lang='lat' dir='ltr'><strong>etitem</strong></span> <span class='ocrx_word' id='word_1_225' title='bbox 242 2297 400 2369; x_wconf 88' lang='lat' dir='ltr'><strong>anteponet</strong></span> <span class='ocrx_word' id='word_1_226' title='bbox 414 2291 498 2353; x_wconf 86' lang='lat' dir='ltr'><strong>saluti</strong></span> <span class='ocrx_word' id='word_1_227' title='bbox 512 2291 624 2372; x_wconf 68' lang='lat' dir='ltr'><strong>patris!</strong></span> <span class='ocrx_word' id='word_1_228' title='bbox 652 2292 771 2366; x_wconf 87' lang='lat' dir='ltr'><strong>Quaerit</strong></span> <span class='ocrx_word' id='word_1_229' title='bbox 785 2293 885 2368; x_wconf 88' lang='lat' dir='ltr'><strong>etiam,</strong></span> <span class='ocrx_word' id='word_1_230' title='bbox 901 2293 941 2354; x_wconf 89' lang='lat' dir='ltr'><strong>‘si</strong></span> <span class='ocrx_word' id='word_1_231' title='bbox 956 2293 1074 2372; x_wconf 88' lang='lat' dir='ltr'><strong>sapiens</strong></span> <span class='ocrx_word' id='word_1_232' title='bbox 1088 2290 1226 2353; x_wconf 84' lang='lat' dir='ltr'><strong>adulteri-</strong></span> 
     </span>
     <span class='ocr_line' id='line_1_25' title="bbox 154 2372 1225 2458; baseline 0.001 -21"><span class='ocrx_word' id='word_1_233' title='bbox 154 2372 224 2451; x_wconf 75' lang='lat' dir='ltr'><strong>}nos</strong></span> <span class='ocrx_word' id='word_1_234' title='bbox 239 2394 379 2438; x_wconf 89' lang='lat' dir='ltr'><strong>nummos</strong></span> <span class='ocrx_word' id='word_1_235' title='bbox 395 2377 539 2456; x_wconf 79' lang='lat' dir='ltr'><strong>acceperit</strong></span> <span class='ocrx_word' id='word_1_236' title='bbox 558 2377 729 2458; x_wconf 88' lang='lat' dir='ltr'><strong>imprudens</strong></span> <span class='ocrx_word' id='word_1_237' title='bbox 749 2396 805 2457; x_wconf 90' lang='lat' dir='ltr'><strong>pro</strong></span> <span class='ocrx_word' id='word_1_238' title='bbox 825 2377 927 2453; x_wconf 76' lang='lat' dir='ltr'><strong>ironis,</strong></span> <span class='ocrx_word' id='word_1_239' title='bbox 950 2397 1017 2440; x_wconf 91' lang='lat' dir='ltr'><strong>cum</strong></span> <span class='ocrx_word' id='word_1_240' title='bbox 1036 2377 1064 2439; x_wconf 89' lang='lat' dir='ltr'><strong>id</strong></span> <span class='ocrx_word' id='word_1_241' title='bbox 1083 2376 1225 2449; x_wconf 81' lang='lat' dir='ltr'><strong>rescierit,</strong></span> 
     </span>
     <span class='ocr_line' id='line_1_26' title="bbox 154 2461 1225 2571; baseline 0.001 -49"><span class='ocrx_word' id='word_1_242' title='bbox 154 2461 356 2571; x_wconf 44' lang='lat' dir='ltr'><strong>{soluturusne</strong></span> <span class='ocrx_word' id='word_1_243' title='bbox 371 2461 409 2524; x_wconf 90' lang='lat' dir='ltr'><strong>sit</strong></span> <span class='ocrx_word' id='word_1_244' title='bbox 424 2481 484 2538; x_wconf 88' lang='lat' dir='ltr'><strong>eos,</strong></span> <span class='ocrx_word' id='word_1_245' title='bbox 500 2462 526 2524; x_wconf 88' lang='lat' dir='ltr'><strong>si</strong></span> <span class='ocrx_word' id='word_1_246' title='bbox 541 2462 586 2525; x_wconf 85' lang='lat' dir='ltr'><strong>eui</strong></span> <span class='ocrx_word' id='word_1_247' title='bbox 602 2462 720 2538; x_wconf 90' lang='lat' dir='ltr'><strong>debeat,</strong></span> <span class='ocrx_word' id='word_1_248' title='bbox 736 2479 791 2544; x_wconf 86' lang='lat' dir='ltr'><strong>pro</strong></span> <span class='ocrx_word' id='word_1_249' title='bbox 807 2463 915 2525; x_wconf 69' lang='lat' dir='ltr'><strong>bonis!</strong></span> <span class='ocrx_word' id='word_1_250' title='bbox 942 2462 1087 2563; x_wconf 74' lang='lat' dir='ltr'><strong>Diogenes</strong></span> <span class='ocrx_word' id='word_1_251' title='bbox 1102 2463 1148 2538; x_wconf 87' lang='lat' dir='ltr'><strong>ait,</strong></span> <span class='ocrx_word' id='word_1_252' title='bbox 1162 2463 1225 2524; x_wconf 83' lang='lat' dir='ltr'><strong>An-</strong></span> 
     </span>
    </p>
   </div>
   <div class='ocr_carea' id='block_1_3' title="bbox 85 2699 1367 3995">
    <p class='ocr_par' dir='ltr' id='par_1_3' title="bbox 85 2699 1367 3995">
     <span class='ocr_line' id='line_1_27' title="bbox 121 2699 1227 2766; baseline -0.001 -13"><span class='ocrx_word' id='word_1_253' title='bbox 121 2750 124 2753; x_wconf 78' lang='grc'>,</span> <span class='ocrx_word' id='word_1_254' title='bbox 166 2702 202 2752; x_wconf 83' lang='lat' dir='ltr'><strong>iet</strong></span> <span class='ocrx_word' id='word_1_255' title='bbox 213 2701 254 2751; x_wconf 90' lang='lat' dir='ltr'><strong>die</strong></span> <span class='ocrx_word' id='word_1_256' title='bbox 266 2700 456 2766; x_wconf 85' lang='lat' dir='ltr'><strong>urspriingliebe</strong></span> <span class='ocrx_word' id='word_1_257' title='bbox 466 2701 612 2765; x_wconf 82' lang='lat' dir='ltr'><strong>Bedeutung</strong></span> <span class='ocrx_word' id='word_1_258' title='bbox 623 2701 668 2751; x_wconf 90' lang='lat' dir='ltr'><strong>des</strong></span> <span class='ocrx_word' id='word_1_259' title='bbox 722 2706 782 2757; x_wconf 85' lang='lat' dir='ltr'><strong>uter</strong></span> <span class='ocrx_word' id='word_1_260' title='bbox 800 2702 826 2753; x_wconf 89' lang='lat' dir='ltr'><strong>in</strong></span> <span class='ocrx_word' id='word_1_261' title='bbox 847 2703 903 2752; x_wconf 86' lang='lat' dir='ltr'><strong>dem</strong></span> <span class='ocrx_word' id='word_1_262' title='bbox 920 2701 996 2765; x_wconf 81' lang='lat' dir='ltr'><strong>Siune</strong></span> <span class='ocrx_word' id='word_1_263' title='bbox 1016 2717 1065 2754; x_wconf 88' lang='lat' dir='ltr'><strong>von</strong></span> <span class='ocrx_word' id='word_1_264' title='bbox 1086 2699 1151 2752; x_wconf 83' lang='lat' dir='ltr'><strong>aiter</strong></span> <span class='ocrx_word' id='word_1_265' title='bbox 1166 2703 1227 2752; x_wconf 80' lang='lat' dir='ltr'><strong>uter</strong></span> 
     </span>
     <span class='ocr_line' id='line_1_28' title="bbox 167 2767 1225 2835; baseline -0.001 -16"><span class='ocrx_word' id='word_1_266' title='bbox 167 2767 283 2819; x_wconf 84' lang='lat' dir='ltr'><strong>Wortes.</strong></span> <span class='ocrx_word' id='word_1_267' title='bbox 530 2802 535 2819; x_wconf 58' lang='lat' dir='ltr'><strong>a</strong></span> <span class='ocrx_word' id='word_1_268' title='bbox 723 2778 807 2835; x_wconf 83' lang='lat' dir='ltr'><strong>eagto,</strong></span> <span class='ocrx_word' id='word_1_269' title='bbox 829 2771 891 2820; x_wconf 83' lang='lat' dir='ltr'><strong>doeh</strong></span> <span class='ocrx_word' id='word_1_270' title='bbox 903 2770 998 2834; x_wconf 83' lang='lat' dir='ltr'><strong>geniigt</strong></span> <span class='ocrx_word' id='word_1_271' title='bbox 1009 2770 1064 2820; x_wconf 86' lang='lat' dir='ltr'><strong>eine</strong></span> <span class='ocrx_word' id='word_1_272' title='bbox 1077 2768 1158 2830; x_wconf 83' lang='lat' dir='ltr'><strong>Stelle</strong></span> <span class='ocrx_word' id='word_1_273' title='bbox 1174 2768 1225 2819; x_wconf 82' lang='lat' dir='ltr'><strong>wie</strong></span> 
     </span>
     <span class='ocr_line' id='line_1_29' title="bbox 201 2835 1226 2904; baseline 0 -17"><span class='ocrx_word' id='word_1_274' title='bbox 201 2840 329 2904; x_wconf 66' lang='lat' dir='ltr'><strong>otwini,</strong></span> <span class='ocrx_word' id='word_1_275' title='bbox 350 2836 438 2885; x_wconf 86' lang='lat' dir='ltr'><strong>dener</strong></span> <span class='ocrx_word' id='word_1_276' title='bbox 454 2836 669 2890; x_wconf 75' lang='lat' dir='ltr'><strong>frirdeuNutzen</strong></span> <span class='ocrx_word' id='word_1_277' title='bbox 723 2839 748 2891; x_wconf 88' lang='lat' dir='ltr'><strong>in</strong></span> <span class='ocrx_word' id='word_1_278' title='bbox 760 2838 834 2890; x_wconf 90' lang='lat' dir='ltr'><strong>Verr.</strong></span> <span class='ocrx_word' id='word_1_279' title='bbox 855 2835 900 2898; x_wconf 89' lang='lat' dir='ltr'><strong>III,</strong></span> <span class='ocrx_word' id='word_1_280' title='bbox 920 2837 963 2898; x_wconf 84' lang='lat'><strong>14,</strong></span> <span class='ocrx_word' id='word_1_281' title='bbox 977 2836 1022 2900; x_wconf 81' lang='lat'><strong>35,</strong></span> <span class='ocrx_word' id='word_1_282' title='bbox 1042 2851 1083 2885; x_wconf 85' lang='lat' dir='ltr'><strong>wo</strong></span> <span class='ocrx_word' id='word_1_283' title='bbox 1105 2851 1150 2886; x_wconf 87' lang='lat' dir='ltr'><strong>aus</strong></span> <span class='ocrx_word' id='word_1_284' title='bbox 1171 2838 1226 2887; x_wconf 85' lang='lat' dir='ltr'><strong>dem</strong></span> 
     </span>
     <span class='ocr_line' id='line_1_30' title="bbox 166 2903 1227 2969; baseline -0.001 -14"><span class='ocrx_word' id='word_1_285' title='bbox 166 2905 232 2969; x_wconf 79' lang='lat' dir='ltr'><strong>bdlt,</strong></span> <span class='ocrx_word' id='word_1_286' title='bbox 254 2905 299 2954; x_wconf 90' lang='lat' dir='ltr'><strong>der</strong></span> <span class='ocrx_word' id='word_1_287' title='bbox 311 2919 339 2954; x_wconf 89' lang='lat' dir='ltr'><strong>es</strong></span> <span class='ocrx_word' id='word_1_288' title='bbox 351 2905 413 2954; x_wconf 88' lang='lat' dir='ltr'><strong>aber</strong></span> <span class='ocrx_word' id='word_1_289' title='bbox 424 2905 449 2954; x_wconf 89' lang='lat' dir='ltr'><strong>in</strong></span> <span class='ocrx_word' id='word_1_290' title='bbox 462 2906 508 2956; x_wconf 88' lang='lat' dir='ltr'><strong>der</strong></span> <span class='ocrx_word' id='word_1_291' title='bbox 520 2906 586 2958; x_wconf 86' lang='lat' dir='ltr'><strong>Tbat</strong></span> <span class='ocrx_word' id='word_1_292' title='bbox 602 2907 670 2957; x_wconf 90' lang='lat' dir='ltr'><strong>uicbt</strong></span> <span class='ocrx_word' id='word_1_293' title='bbox 723 2906 796 2956; x_wconf 81' lang='lat' dir='ltr'><strong>Edict</strong></span> <span class='ocrx_word' id='word_1_294' title='bbox 804 2903 1000 2959; x_wconf 84' lang='lat' dir='ltr'><strong>eineePraetors</strong></span> <span class='ocrx_word' id='word_1_295' title='bbox 1008 2903 1144 2967; x_wconf 81' lang='lat' dir='ltr'><strong>angefiibrt</strong></span> <span class='ocrx_word' id='word_1_296' title='bbox 1152 2905 1227 2954; x_wconf 80' lang='lat' dir='ltr'><strong>wir-d:</strong></span> 
     </span>
     <span class='ocr_line' id='line_1_31' title="bbox 167 2971 1226 3040; baseline -0.001 -16"><span class='ocrx_word' id='word_1_297' title='bbox 167 2975 215 3038; x_wconf 87' lang='lat' dir='ltr'><strong>ist,</strong></span> <span class='ocrx_word' id='word_1_298' title='bbox 231 2971 343 3023; x_wconf 87' lang='lat' dir='ltr'><strong>insofern</strong></span> <span class='ocrx_word' id='word_1_299' title='bbox 357 2989 386 3022; x_wconf 88' lang='lat' dir='ltr'><strong>er</strong></span> <span class='ocrx_word' id='word_1_300' title='bbox 402 2975 448 3023; x_wconf 87' lang='lat' dir='ltr'><strong>der</strong></span> <span class='ocrx_word' id='word_1_301' title='bbox 459 2973 563 3038; x_wconf 84' lang='lat' dir='ltr'><strong>Tugend</strong></span> <span class='ocrx_word' id='word_1_302' title='bbox 576 2974 669 3025; x_wconf 88' lang='lat' dir='ltr'><strong>wider·</strong></span> <span class='ocrx_word' id='word_1_303' title='bbox 722 2977 747 3024; x_wconf 79' lang='lat' dir='ltr'><strong>ei</strong></span> <span class='ocrx_word' id='word_1_304' title='bbox 764 2976 823 3024; x_wconf 81' lang='lat' dir='ltr'><strong>uter</strong></span> <span class='ocrx_word' id='word_1_305' title='bbox 838 2971 916 3037; x_wconf 84' lang='lat' dir='ltr'><strong>volet,</strong></span> <span class='ocrx_word' id='word_1_306' title='bbox 937 2976 1133 3040; x_wconf 76' lang='lat' dir='ltr'><strong>recuperatores</strong></span> <span class='ocrx_word' id='word_1_307' title='bbox 1150 2972 1226 3035; x_wconf 81' lang='lat' dir='ltr'><strong>dado,</strong></span> 
     </span>
     <span class='ocr_line' id='line_1_32' title="bbox 168 3038 1227 3107; baseline -0.001 -16"><span class='ocrx_word' id='word_1_308' title='bbox 168 3042 277 3093; x_wconf 89' lang='lat' dir='ltr'><strong>streitet.</strong></span> <span class='ocrx_word' id='word_1_309' title='bbox 309 3098 312 3107; x_wconf 54' lang='grc'><em>,</em></span> <span class='ocrx_word' id='word_1_310' title='bbox 519 3046 523 3051; x_wconf 81' lang='grc'><strong>“</strong></span> <span class='ocrx_word' id='word_1_311' title='bbox 722 3040 866 3092; x_wconf 84' lang='lat' dir='ltr'><strong>noebniebt</strong></span> <span class='ocrx_word' id='word_1_312' title='bbox 877 3039 963 3090; x_wconf 82' lang='lat' dir='ltr'><strong>diesen</strong></span> <span class='ocrx_word' id='word_1_313' title='bbox 975 3038 1108 3090; x_wconf 85' lang='lat' dir='ltr'><strong>Gebraucb</strong></span> <span class='ocrx_word' id='word_1_314' title='bbox 1118 3038 1162 3089; x_wconf 77' lang='lat' dir='ltr'><strong>fiir</strong></span> <span class='ocrx_word' id='word_1_315' title='bbox 1173 3039 1227 3090; x_wconf 85' lang='lat' dir='ltr'><strong>Cic.</strong></span> 
     </span>
     <span class='ocr_line' id='line_1_33' title="bbox 200 3104 914 3177; baseline 0 -18"><span class='ocrx_word' id='word_1_316' title='bbox 200 3112 225 3159; x_wconf 81' lang='lat' dir='ltr'><strong>ei</strong></span> <span class='ocrx_word' id='word_1_317' title='bbox 237 3111 361 3177; x_wconf 64' lang='lat' dir='ltr'><strong>potuerat,</strong></span> <span class='ocrx_word' id='word_1_318' title='bbox 385 3110 429 3159; x_wconf 87' lang='lat' dir='ltr'><strong>das</strong></span> <span class='ocrx_word' id='word_1_319' title='bbox 449 3104 573 3160; x_wconf 78' lang='lat' dir='ltr'><strong>Futurum</strong></span> <span class='ocrx_word' id='word_1_320' title='bbox 594 3126 670 3160; x_wconf 80' lang='lat' dir='ltr'><strong>exae-</strong></span> <span class='ocrx_word' id='word_1_321' title='bbox 724 3106 914 3161; x_wconf 81' lang='lat' dir='ltr'><strong>zuerweiser.‘</strong></span> 
     </span>
     <span class='ocr_line' id='line_1_34' title="bbox 166 3176 1013 3243; baseline -0.004 -15"><span class='ocrx_word' id='word_1_322' title='bbox 166 3184 232 3241; x_wconf 90' lang='lat' dir='ltr'><strong>tum,</strong></span> <span class='ocrx_word' id='word_1_323' title='bbox 253 3177 313 3226; x_wconf 85' lang='lat' dir='ltr'><strong>weil</strong></span> <span class='ocrx_word' id='word_1_324' title='bbox 330 3179 374 3227; x_wconf 88' lang='lat' dir='ltr'><strong>das</strong></span> <span class='ocrx_word' id='word_1_325' title='bbox 387 3178 530 3243; x_wconf 82' lang='lat' dir='ltr'><strong>Vermb&#39;gen</strong></span> <span class='ocrx_word' id='word_1_326' title='bbox 548 3180 593 3229; x_wconf 88' lang='lat' dir='ltr'><strong>der</strong></span> <span class='ocrx_word' id='word_1_327' title='bbox 603 3177 679 3238; x_wconf 49' lang='lat' dir='ltr'><strong>Ausa</strong></span> <span class='ocrx_word' id='word_1_328' title='bbox 755 3177 887 3230; x_wconf 63' lang='lat' dir='ltr'><strong>metando:</strong></span> <span class='ocrx_word' id='word_1_329' title='bbox 899 3177 959 3242; x_wconf 82' lang='lat' dir='ltr'>z.·§.</span> <span class='ocrx_word' id='word_1_330' title='bbox 973 3176 1013 3226; x_wconf 79' lang='lat'><strong>77.</strong></span> 
     </span>
     <span class='ocr_line' id='line_1_35' title="bbox 164 3243 1228 3316; baseline 0 -20"><span class='ocrx_word' id='word_1_331' title='bbox 164 3245 275 3309; x_wconf 76' lang='lat' dir='ltr'><strong>iiihrurg</strong></span> <span class='ocrx_word' id='word_1_332' title='bbox 287 3247 459 3310; x_wconf 84' lang='lat' dir='ltr'><strong>vorhergeben</strong></span> <span class='ocrx_word' id='word_1_333' title='bbox 471 3262 549 3297; x_wconf 86' lang='lat' dir='ltr'><strong>mnes.</strong></span> <span class='ocrx_word' id='word_1_334' title='bbox 756 3249 842 3316; x_wconf 72' lang='lat' dir='ltr'><strong>patrea</strong></span> <span class='ocrx_word' id='word_1_335' title='bbox 856 3249 973 3315; x_wconf 75' lang='lat' dir='ltr'><strong>praestet</strong></span> <span class='ocrx_word' id='word_1_336' title='bbox 989 3246 1104 3297; x_wconf 72' lang='lat' dir='ltr'><strong>omnibus</strong></span> <span class='ocrx_word' id='word_1_337' title='bbox 1121 3243 1228 3311; x_wconf 68' lang='lat' dir='ltr'><strong>efficite,</strong></span> 
     </span>
     <span class='ocr_line' id='line_1_36' title="bbox 165 3312 1228 3379; baseline -0.001 -15"><span class='ocrx_word' id='word_1_338' title='bbox 165 3372 166 3375; x_wconf 8' lang='grc' dir='ltr'><strong>Ἴ</strong></span> <span class='ocrx_word' id='word_1_339' title='bbox 200 3316 330 3378; x_wconf 70' lang='lat' dir='ltr'><strong>obtortum,</strong></span> <span class='ocrx_word' id='word_1_340' title='bbox 346 3316 389 3364; x_wconf 87' lang='lat' dir='ltr'><strong>das</strong></span> <span class='ocrx_word' id='word_1_341' title='bbox 403 3313 482 3366; x_wconf 90' lang='lat' dir='ltr'><strong>Wort</strong></span> <span class='ocrx_word' id='word_1_342' title='bbox 493 3315 586 3365; x_wconf 86' lang='lat' dir='ltr'><strong>kcmmt</strong></span> <span class='ocrx_word' id='word_1_343' title='bbox 597 3314 671 3365; x_wconf 86' lang='lat' dir='ltr'><strong>meist</strong></span> <span class='ocrx_word' id='word_1_344' title='bbox 724 3317 764 3366; x_wconf 89' lang='lat' dir='ltr'><strong>die</strong></span> <span class='ocrx_word' id='word_1_345' title='bbox 784 3314 902 3366; x_wconf 85' lang='lat' dir='ltr'><strong>Ptiicbten</strong></span> <span class='ocrx_word' id='word_1_346' title='bbox 924 3329 1003 3379; x_wconf 80' lang='lat' dir='ltr'><strong>gegen</strong></span> <span class='ocrx_word' id='word_1_347' title='bbox 1027 3314 1072 3364; x_wconf 85' lang='lat' dir='ltr'><strong>das</strong></span> <span class='ocrx_word' id='word_1_348' title='bbox 1087 3312 1228 3364; x_wconf 80' lang='lat' dir='ltr'><strong>Vateriand</strong></span> 
     </span>
     <span class='ocr_line' id='line_1_37' title="bbox 167 3379 1228 3435; baseline -0.001 -3"><span class='ocrx_word' id='word_1_349' title='bbox 167 3398 215 3433; x_wconf 87' lang='lat' dir='ltr'><strong>nur</strong></span> <span class='ocrx_word' id='word_1_350' title='bbox 226 3383 265 3433; x_wconf 87' lang='lat' dir='ltr'><strong>bei</strong></span> <span class='ocrx_word' id='word_1_351' title='bbox 276 3381 393 3432; x_wconf 84' lang='lat' dir='ltr'><strong>iriiberen</strong></span> <span class='ocrx_word' id='word_1_352' title='bbox 404 3382 604 3434; x_wconf 85' lang='lat' dir='ltr'><strong>Sebriitstellern</strong></span> <span class='ocrx_word' id='word_1_353' title='bbox 614 3398 669 3432; x_wconf 87' lang='lat' dir='ltr'><strong>vor.</strong></span> <span class='ocrx_word' id='word_1_354' title='bbox 725 3384 813 3435; x_wconf 77' lang='lat' dir='ltr'><strong>eteberi</strong></span> <span class='ocrx_word' id='word_1_355' title='bbox 823 3379 902 3433; x_wconf 80' lang='lat' dir='ltr'><strong>bdber</strong></span> <span class='ocrx_word' id='word_1_356' title='bbox 912 3383 951 3433; x_wconf 85' lang='lat' dir='ltr'><strong>ais</strong></span> <span class='ocrx_word' id='word_1_357' title='bbox 961 3383 1011 3433; x_wconf 87' lang='lat' dir='ltr'><strong>alle</strong></span> <span class='ocrx_word' id='word_1_358' title='bbox 1019 3383 1130 3433; x_wconf 84' lang='lat' dir='ltr'><strong>anderen</strong></span> <span class='ocrx_word' id='word_1_359' title='bbox 1140 3380 1228 3431; x_wconf 72' lang='lat' dir='ltr'><strong>Prist-</strong></span> 
     </span>
     <span class='ocr_line' id='line_1_38' title="bbox 160 3448 777 3518; baseline 0.002 -17"><span class='ocrx_word' id='word_1_360' title='bbox 160 3450 227 3501; x_wconf 65' lang='lat' dir='ltr'><strong>⁴&#39;Per</strong></span> <span class='ocrx_word' id='word_1_361' title='bbox 240 3451 300 3502; x_wconf 88' lang='lat' dir='ltr'><strong>Hec.</strong></span> <span class='ocrx_word' id='word_1_362' title='bbox 312 3448 334 3518; x_wconf 77' lang='lat' dir='ltr'><strong>i,</strong></span> <span class='ocrx_word' id='word_1_363' title='bbox 349 3451 375 3514; x_wconf 87' lang='lat' dir='ltr'><strong>l,</strong></span> <span class='ocrx_word' id='word_1_364' title='bbox 395 3451 425 3501; x_wconf 85' lang='lat'><strong>15</strong></span> <span class='ocrx_word' id='word_1_365' title='bbox 442 3454 672 3517; x_wconf 35' lang='lat' dir='ltr'><strong>iniuriumruutem</strong></span> <span class='ocrx_word' id='word_1_366' title='bbox 724 3459 777 3502; x_wconf 83' lang='lat' dir='ltr'><strong>ten.</strong></span> 
     </span>
     <span class='ocr_line' id='line_1_39' title="bbox 85 3516 1367 3590; baseline -0.004 -21"><span class='ocrx_word' id='word_1_367' title='bbox 85 3552 128 3590; x_wconf 59' lang='lat' dir='ltr'><em>f</em></span> <span class='ocrx_word' id='word_1_368' title='bbox 169 3516 531 3572; x_wconf 62' lang='lat' dir='ltr'><strong>ertulrireiadrcrrartos.&#39;““</strong></span> <span class='ocrx_word' id='word_1_369' title='bbox 759 3521 902 3586; x_wconf 73' lang='lat' dir='ltr'><strong>maerebit,</strong></span> <span class='ocrx_word' id='word_1_370' title='bbox 922 3519 945 3570; x_wconf 91' lang='lat' dir='ltr'><strong>d.</strong></span> <span class='ocrx_word' id='word_1_371' title='bbox 960 3519 976 3570; x_wconf 81' lang='lat' dir='ltr'><strong>i.</strong></span> <span class='ocrx_word' id='word_1_372' title='bbox 990 3518 1141 3583; x_wconf 83' lang='lat' dir='ltr'><strong>obiurgabit,</strong></span> <span class='ocrx_word' id='word_1_373' title='bbox 1159 3517 1229 3567; x_wconf 82' lang='lat' dir='ltr'><strong>ritu·</strong></span> <span class='ocrx_word' id='word_1_374' title='bbox 1366 3524 1367 3565; x_wconf 80' lang='grc'><em>1</em></span> 
     </span>
     <span class='ocr_line' id='line_1_40' title="bbox 202 3572 1367 3655; baseline 0 -18"><span class='ocrx_word' id='word_1_375' title='bbox 202 3584 243 3638; x_wconf 81' lang='lat'><strong>90.</strong></span> <span class='ocrx_word' id='word_1_376' title='bbox 273 3589 353 3638; x_wconf 81' lang='lat' dir='ltr'><strong>sibine</strong></span> <span class='ocrx_word' id='word_1_377' title='bbox 376 3593 484 3655; x_wconf 72' lang='lat' dir='ltr'><strong>uterque</strong></span> <span class='ocrx_word' id='word_1_378' title='bbox 509 3604 524 3640; x_wconf 88' lang='lat' dir='ltr'><strong>r</strong></span> <span class='ocrx_word' id='word_1_379' title='bbox 557 3590 601 3638; x_wconf 82' lang='lat' dir='ltr'><strong>iat.</strong></span> <span class='ocrx_word' id='word_1_380' title='bbox 637 3587 671 3636; x_wconf 88' lang='lat' dir='ltr'><strong>Sc</strong></span> <span class='ocrx_word' id='word_1_381' title='bbox 725 3588 842 3654; x_wconf 81' lang='lat' dir='ltr'><strong>perabit3</strong></span> <span class='ocrx_word' id='word_1_382' title='bbox 865 3585 895 3651; x_wconf 85' lang='grc' dir='ltr'><strong>Π,</strong></span> <span class='ocrx_word' id='word_1_383' title='bbox 910 3586 950 3651; x_wconf 82' lang='lat'><strong>15,</strong></span> <span class='ocrx_word' id='word_1_384' title='bbox 963 3587 1004 3638; x_wconf 83' lang='lat'><strong>53.</strong></span> <span class='ocrx_word' id='word_1_385' title='bbox 1366 3572 1367 3631; x_wconf 74' lang='lat' dir='ltr'><strong>i</strong></span> 
     </span>
     <span class='ocr_line' id='line_1_41' title="bbox 169 3654 1367 3719; baseline -0.001 -13"><span class='ocrx_word' id='word_1_386' title='bbox 169 3673 201 3706; x_wconf 88' lang='lat' dir='ltr'><strong>zu</strong></span> <span class='ocrx_word' id='word_1_387' title='bbox 214 3656 345 3705; x_wconf 87' lang='lat' dir='ltr'><strong>sobreiben</strong></span> <span class='ocrx_word' id='word_1_388' title='bbox 363 3654 462 3707; x_wconf 74' lang='lat' dir='ltr'><strong>fordere</strong></span> <span class='ocrx_word' id='word_1_389' title='bbox 471 3657 517 3708; x_wconf 88' lang='lat' dir='ltr'><strong>der</strong></span> <span class='ocrx_word' id='word_1_390' title='bbox 551 3661 671 3719; x_wconf 80' lang='lat' dir='ltr'><strong>egeasata</strong></span> <span class='ocrx_word' id='word_1_391' title='bbox 760 3655 801 3706; x_wconf 85' lang='lat' dir='ltr'><strong>et.</strong></span> <span class='ocrx_word' id='word_1_392' title='bbox 831 3655 938 3718; x_wconf 73' lang='lat' dir='ltr'><strong>Quaerit</strong></span> <span class='ocrx_word' id='word_1_393' title='bbox 963 3656 1037 3706; x_wconf 78' lang='lat' dir='ltr'><strong>nimi.</strong></span> <span class='ocrx_word' id='word_1_394' title='bbox 1054 3655 1163 3718; x_wconf 77' lang='lat' dir='ltr'><strong>Heorta,</strong></span> <span class='ocrx_word' id='word_1_395' title='bbox 1184 3654 1231 3705; x_wconf 82' lang='lat' dir='ltr'><strong>der</strong></span> <span class='ocrx_word' id='word_1_396' title='bbox 1366 3660 1367 3667; x_wconf 78' lang='grc'>’</span> 
     </span>
     <span class='ocr_line' id='line_1_42' title="bbox 139 3722 1231 3788; baseline -0.001 -14"><span class='ocrx_word' id='word_1_397' title='bbox 139 3724 281 3774; x_wconf 59' lang='lat' dir='ltr'><strong>*abdier</strong></span> <span class='ocrx_word' id='word_1_398' title='bbox 297 3724 469 3775; x_wconf 70' lang='lat' dir='ltr'><strong>cedat‘attert.</strong></span> <span class='ocrx_word' id='word_1_399' title='bbox 511 3725 558 3775; x_wconf 88' lang='lat' dir='ltr'><strong>Die</strong></span> <span class='ocrx_word' id='word_1_400' title='bbox 583 3724 672 3774; x_wconf 84' lang='lat' dir='ltr'><strong>besten</strong></span> <span class='ocrx_word' id='word_1_401' title='bbox 726 3722 910 3782; x_wconf 67' lang='lat' dir='ltr'><strong>diebnsiehten</strong></span> <span class='ocrx_word' id='word_1_402' title='bbox 923 3724 969 3773; x_wconf 85' lang='lat' dir='ltr'><strong>des</strong></span> <span class='ocrx_word' id='word_1_403' title='bbox 978 3723 1104 3788; x_wconf 81' lang='lat' dir='ltr'><strong>Diogenes</strong></span> <span class='ocrx_word' id='word_1_404' title='bbox 1115 3723 1165 3773; x_wconf 86' lang='lat' dir='ltr'><strong>und</strong></span> <span class='ocrx_word' id='word_1_405' title='bbox 1174 3725 1231 3775; x_wconf 77' lang='grc' dir='ltr'><strong>Αι-</strong></span> 
     </span>
     <span class='ocr_line' id='line_1_43' title="bbox 169 3789 1231 3857; baseline 0.001 -16"><span class='ocrx_word' id='word_1_406' title='bbox 169 3791 244 3841; x_wconf 86' lang='lat' dir='ltr'><strong>Hdss.</strong></span> <span class='ocrx_word' id='word_1_407' title='bbox 254 3789 333 3839; x_wconf 87' lang='lat' dir='ltr'><strong>beben</strong></span> <span class='ocrx_word' id='word_1_408' title='bbox 346 3794 397 3841; x_wconf 82' lang='lat' dir='ltr'><strong>eibi</strong></span> <span class='ocrx_word' id='word_1_409' title='bbox 404 3796 503 3855; x_wconf 78' lang='lat' dir='ltr'><strong>neuter,</strong></span> <span class='ocrx_word' id='word_1_410' title='bbox 515 3807 569 3842; x_wconf 86' lang='lat' dir='ltr'><strong>was</strong></span> <span class='ocrx_word' id='word_1_411' title='bbox 581 3791 672 3841; x_wconf 86' lang='lat' dir='ltr'><strong>keinen</strong></span> <span class='ocrx_word' id='word_1_412' title='bbox 726 3793 820 3857; x_wconf 83' lang='lat' dir='ltr'><strong>tipeter</strong></span> <span class='ocrx_word' id='word_1_413' title='bbox 843 3789 968 3840; x_wconf 70' lang='lat' dir='ltr'><strong>residete,</strong></span> <span class='ocrx_word' id='word_1_414' title='bbox 1003 3791 1062 3856; x_wconf 78' lang='lat' dir='ltr'><strong>Vgi.</strong></span> <span class='ocrx_word' id='word_1_415' title='bbox 1079 3790 1105 3857; x_wconf 63' lang='grc' dir='ltr'><strong>ξ.</strong></span> <span class='ocrx_word' id='word_1_416' title='bbox 1118 3791 1164 3855; x_wconf 85' lang='lat'><strong>51,</strong></span> <span class='ocrx_word' id='word_1_417' title='bbox 1187 3805 1231 3842; x_wconf 83' lang='lat' dir='ltr'><strong>wo</strong></span> 
     </span>
     <span class='ocr_line' id='line_1_44' title="bbox 171 3857 1232 3924; baseline 0.003 -16"><span class='ocrx_word' id='word_1_418' title='bbox 171 3857 402 3920; x_wconf 80' lang='lat' dir='ltr'><strong>Gegeusatzgiebt.</strong></span> <span class='ocrx_word' id='word_1_419' title='bbox 432 3859 672 3911; x_wconf 79' lang='lat' dir='ltr'><strong>etbtoeuterliesse</strong></span> <span class='ocrx_word' id='word_1_420' title='bbox 727 3859 796 3909; x_wconf 87' lang='lat' dir='ltr'><strong>diese</strong></span> <span class='ocrx_word' id='word_1_421' title='bbox 828 3857 993 3924; x_wconf 81' lang='lat' dir='ltr'><strong>Philosopbeu</strong></span> <span class='ocrx_word' id='word_1_422' title='bbox 1023 3859 1135 3910; x_wconf 78' lang='lat' dir='ltr'><strong>dieselbe</strong></span> <span class='ocrx_word' id='word_1_423' title='bbox 1164 3857 1232 3911; x_wconf 79' lang='lat' dir='ltr'><strong>uet-</strong></span> 
     </span>
     <span class='ocr_line' id='line_1_45' title="bbox 172 3924 1135 3995; baseline 0.004 -21"><span class='ocrx_word' id='word_1_424' title='bbox 172 3924 225 3974; x_wconf 83' lang='lat' dir='ltr'><strong>eieb</strong></span> <span class='ocrx_word' id='word_1_425' title='bbox 237 3924 364 3974; x_wconf 85' lang='lat' dir='ltr'><strong>vielleiebt</strong></span> <span class='ocrx_word' id='word_1_426' title='bbox 377 3926 516 3992; x_wconf 82' lang='lat' dir='ltr'><strong>sebreiber,</strong></span> <span class='ocrx_word' id='word_1_427' title='bbox 535 3942 608 3978; x_wconf 76' lang='lat' dir='ltr'><strong>werin</strong></span> <span class='ocrx_word' id='word_1_428' title='bbox 621 3925 672 3993; x_wconf 69' lang='lat' dir='ltr'><strong>Cic,</strong></span> <span class='ocrx_word' id='word_1_429' title='bbox 727 3926 1027 3995; x_wconf 75' lang='lat' dir='ltr'><strong>nungevemebiedenheit</strong></span> <span class='ocrx_word' id='word_1_430' title='bbox 1036 3927 1135 3992; x_wconf 55' lang='lat' dir='ltr'><strong>ugera.</strong></span> 
     </span>
    </p>
   </div>
   <div class='ocr_carea' id='block_1_4' title="bbox 0 0 1390 4504">
    <p class='ocr_par' dir='ltr' id='par_1_4' title="bbox 0 0 1390 4504">
     <span class='ocr_line' id='line_1_46' title="bbox 0 0 1390 4504; baseline 0 0"><span class='ocrx_word' id='word_1_431' title='bbox 0 0 1390 4504; x_wconf 95' lang='lat' dir='ltr'><strong> </strong></span> 
     </span>
    </p>
   </div>
  </div>
 </body>
</html>
