2776 4502
162 327 222 390 102
591 323 638 374 nn
654 321 792 375 ornrcns

159 480 335 559 thagcreus,
355 478 547 560 Syracusium
559 476 686 539 Dionem
700 477 785 540 Plato
804 475 947 557 multisque
962 477 1088 551 maltos,
1106 494 1224 556 uosque

159 566 227 648 ipsi,
243 564 386 646 quidquid
401 564 438 626 ad
452 583 516 626 rem
530 563 677 645 publicam
693 562 855 646 attulimus,
876 562 1007 624 simodo
1022 561 1131 643 aliquid
1144 569 1224 625 attu-

111 673 113 680 ·
159 652 257 725 lmus,
270 670 288 711 a
303 650 474 713 doctoribus
489 657 576 730 atque
591 648 723 711 dcctnna
738 647 874 727 instructi
888 649 925 710 ad
939 667 1005 710 eam
1019 655 1050 710 et
1062 648 1160 711 ornati
1174 667 1224 711 ac-

91 751 139 802 156
160 737 314 798 cessimus.
343 737 442 816 Neque
457 736 554 798 solum
569 734 625 796 vivi
640 741 729 814 atque
742 740 913 815 praesentes
929 733 1082 796 studiosos
1094 733 1226 796 discendi

159 822 296 884 erudiunt
312 829 397 902 atque
412 821 535 894 docent,
551 821 605 883 sed
618 820 678 881 hcc
692 820 770 882 idem
786 820 874 882 etiam
889 828 959 901 post
974 828 1103 882 mortem
1115 837 1225 881 monu-

158 906 266 968 mentis
280 907 444 970 litterarum
460 906 685 986 adsequuntuc
703 905 765 967 Nec
783 905 863 967 enim
882 906 965 991 locus
980 906 1057 968 ullus
1078 912 1125 967 est
1139 924 1226 985 prae-

158 992 315 1054 termissus
331 993 368 1054 ab
381 992 432 1066 iisp
449 992 499 1071 qui
514 993 551 1054 ad
566 993 659 1070 leges,
674 991 725 1070 qui
740 991 776 1052 ad
793 1010 906 1065 mores,
923 991 973 1072 qui
989 992 1026 1054 ad
1041 991 1226 1071 disciplinam

158 1076 352 1157 reipublicae
372 1077 545 1157 pertineret,
570 1085 604 1138 ut
623 1077 719 1139 etium
744 1095 832 1138 suum
856 1078 894 1138 ad
916 1085 1054 1139 nostrum
1073 1077 1226 1156 negotium

159 1162 321 1224 contulisse
335 1163 496 1225 videantm·.
526 1163 569 1223 lta
584 1162 626 1223 illi
646 1162 704 1242 ipsi
725 1162 875 1224 doctrinae
895 1163 999 1224 studiis
1019 1172 1049 1224 et
1068 1162 1227 1242 sapientiae

159 1247 247 1308 dediti
258 1249 294 1308 ad
307 1248 463 1332 hominnm
478 1248 632 1309 utilitatem
647 1265 731 1308 suam
742 1247 928 1327 prudentiam
944 1247 1226 1327 intellegentiamque

158 1332 351 1411 potissimum
363 1334 525 1394 conterunt.
543 1333 588 1394 Ob
600 1351 665 1394 eam
677 1333 763 1394 etiam
776 1352 894 1394 causam
907 1334 1005 1413 eloqui
1015 1334 1145 1412 copiose,
1156 1351 1225 1392 mc-

158 1417 196 1478 do
216 1419 390 1496 prudenter,
415 1419 520 1480 melius
542 1425 589 1479 est
608 1436 697 1497 quam
717 1418 762 1478 vel
787 1418 956 1480 acutissime
977 1418 1041 1478 sine
1060 1416 1226 1496 eloquentia

160 1502 297 1582 cogitare,
312 1503 395 1582 quod
407 1503 544 1581 cogitatio
559 1503 592 1563 in
608 1523 640 1563 se
654 1503 719 1581 ipsa
729 1501 860 1577 vertitur,
875 1503 1041 1583 eloquentia
1055 1502 1225 1582 complecti-

159 1594 207 1649 tur
222 1607 283 1670 ecs,
298 1587 702 1668 quihuscnmcommunitate
716 1588 808 1649 iuncti
823 1606 938 1649 sumus
969 1589 1062 1668 Atque
1078 1595 1111 1649 ut
1125 1586 1225 1667 apium

158 1673 289 1734 examina
312 1691 374 1734 non
398 1673 606 1751 fingendorum
632 1674 767 1734 favorum
798 1692 884 1734 causa
912 1680 1139 1752 congregantur,
1164 1671 1225 1746 sed,

158 1777 225 1820 cum
254 1759 476 1838 congregabilia
491 1765 597 1819 natura
618 1758 690 1829 sint,
713 1758 834 1836 ¹lingunt
853 1761 947 1832 favos,
974 1758 1018 1819 sic
1036 1757 1171 1818 homines
1193 1776 1227 1818 ac

157 1843 251 1905 multo
266 1843 354 1904 etiam
369 1843 462 1922 magis
477 1850 583 1904 natura
604 1842 771 1921 congregati
783 1842 925 1925 adhihent
939 1843 1044 1922 agendi
1060 1841 1226 1920 cogitandi-

157 1947 215 2007 que
230 1928 399 1989 sollertiam.
426 1928 535 2008 Itaque,
552 1928 610 1989 nisi
626 1947 659 1988 ea
674 1928 775 2002 virtus,
792 1947 866 2008 quae
878 1935 991 1988 constat
1005 1947 1040 1988 ex
1052 1926 1225 1988 hominihus

157 2013 281 2086 tuendis,
295 2013 325 2074 id
341 2019 394 2086 est,
411 2032 447 2074 ex
462 2013 601 2074 societate
615 2013 731 2092 generis
746 2013 878 2087 humani,
894 2013 1015 2091 attingat
1025 2011 1225 2091 cognitionem

156 2116 271 2170 rerum,
291 2097 417 2176 solivaga
439 2097 567 2176 cognitio
585 2105 614 2159 et
628 2098 724 2160 ieiuna
740 2098 888 2171 videatur,
911 2097 1038 2177 itemque
1052 2097 1224 2176 magnitudo

157 2182 260 2255 animi,
280 2189 394 2244 remota
410 2203 426 2243 a
446 2183 657 2267 communitate
679 2182 945 2262 coniunctioneque
962 2184 1106 2255 humana,
1126 2182 1224 2243 feritas

155 2353 291 2415 thagoreer
306 2352 332 2401 in
343 2351 512 2404 Untcritalien
527 2358 621 2402 rettete
635 2367 664 2402 er
715 2353 799 2418 dotus,
809 2351 974 2416 Posidonius,
986 2350 1227 2417 aquidust'note'tcti

157 2420 211 2470 sich
231 2436 281 2469 von
302 2420 387 2470 seincr
403 2419 552 2471 Vaterstadt
568 2418 664 2470 Terent
716 2437 816 2472 sumus.
891 2422 896 2426 ’
1080 2452 1081 2455 =

156 2487 219 2538 nach
232 2486 341 2553 Theben,
353 2504 393 2537 wo
406 2503 436 2537 er
447 2489 510 2538 auch
523 2487 600 2538 starh.
626 2487 662 2538 Es
753 2487 809 2539 156.
834 2490 1148 2556 viedatquepraeceatec:
1164 2500 1225 2551 per·

55 2584 62 2589 ·
155 2556 256 2605 werden
278 2556 328 2605 ihm
346 2555 471 2606 Schriften
492 2557 555 2606 iiber
570 2557 663 2622 pytha-
716 2557 827 2618 siinlich3
840 2572 861 2606 s.
874 2554 899 2621 ᾗ.
913 2556 952 2606 11.

155 2638 231 2687 goras
242 2624 293 2673 und
305 2625 376 2674 scine
389 2624 471 2674 Lehrc
483 2624 619 2687 beigclegt.
751 2625 941 2690 intellegentia,
966 2625 999 2675 im
1023 2622 1166 2688 Gegensatz
1193 2636 1226 2669 zu

189 2689 362 2758 Syracusius.-
379 2692 585 2754 diegriechische
601 2691 663 2741 aber
713 2691 856 2755 praedando
884 2691 922 2757 (ξ.
948 2693 1010 2756 151)
1041 2689 1225 2741 theoretisches

155 2760 219 2809 auch
239 2760 272 2808 im
293 2758 468 2809 Lateinischen
489 2761 557 2810 nicht
580 2760 663 2810 selten
720 2759 833 2810 Wissen.

156 2827 309 2890 gebrauchte
321 2826 512 2890 Adjectivform.
754 2823 1224 2892 tatmtoraoongregau:s.z.§.12.

190 2894 251 2961 llio,
264 2895 311 2943 der
320 2894 407 2944 Ohaim
416 2896 461 2944 des
468 2894 663 2960 jiingerenDio-
718 2895 841 2945 Dasselbe
851 2894 1101 2958 meintAristoteles‚
1113 2908 1187 2942 wcnn
1196 2907 1227 2942 er

158 2978 219 3029 nps,
241 2963 332 3012 dessen
354 2963 502 3014 Herrschalt
523 2979 552 3013 er
578 2962 665 3028 spiiter
718 2965 766 3013 den
780 2961 915 3012 Menschen
933 2962 973 3011 ein
992 2961 1063 3020 ζῶον
1079 2953 1227 3012 πολιτικόν

158 3031 276 3098 sturme,
305 3031 364 3094 hing
393 3039 481 3082 zuerst
504 3032 550 3081 der
573 3031 665 3097 pytho-
719 3037 797 3081 nennt
821 3031 871 3079 und
887 3031 935 3080 den
953 3029 1027 3080 Staat
1042 3028 1084 3080 fiir
1099 3030 1167 3079 iilter
1187 3027 1226 3078 als

157 3099 304 3162 gdreischen
334 3098 494 3165 Philosophia
529 3115 573 3162 an,
603 3097 666 3147 aher
719 3099 759 3148 die
771 3098 877 3148 Familia
890 3098 996 3148 arkldrt.

157 3167 195 3216 ala
207 3167 280 3217 Plato
296 3166 346 3216 389
358 3183 382 3217 v.
397 3167 455 3218 Chr.
474 3169 537 3217 nach
549 3165 664 3233 Syrakus
754 3170 856 3229 constat
870 3194 904 3229 χ-
921 3183 955 3216 ecc
978 3167 1101 3215 socictate
1124 3162 1225 3228 reema,

156 3235 227 3298 ham,
254 3235 333 3297 sclgte
354 3250 384 3284 cr
403 3236 452 3285 ihm
480 3235 531 3285 und
550 3250 606 3284 war
624 3234 665 3284 ein
719 3235 759 3286 dic
782 3235 810 3285 in
832 3235 878 3285 der
901 3234 1085 3283 menschlichen
1107 3230 1226 3282 Gemcin-

157 3309 246 3352 treuer
259 3302 395 3365 Anhiinger
417 3304 501 3353 seiner
518 3302 601 3352 Lehre
626 3302 664 3351 his
720 3302 802 3354 schnlt
831 3303 902 3353 ihren
925 3301 1014 3352 Grund
1042 3303 1098 3363 hat3
1130 3299 1225 3349 ebenso

157 3385 215 3419 num
226 3370 296 3420 Ende
314 3371 397 3420 scices
410 3370 519 3421 viclfach
531 3370 664 3433 bewcgted
721 3371 769 3421 163
781 3375 808 3422 in
819 3388 870 3438 qua
882 3373 1040 3434 condantur,
1057 3370 1107 3419 und
1121 3366 1169 3417 160
1179 3384 1227 3432 ge-

156 3437 256 3489 Lebens
270 3437 328 3503 (353
341 3453 364 3487 v.
379 3438 456 3502 (Ihm).
529 3484 538 3505 .=
715 3436 1225 3506 nuaqfficiorumquodteneotorhomi·

190 3523 287 3574 noeque
297 3510 361 3575 ipsi:
378 3508 409 3556 de
422 3514 473 3557 nat.
486 3507 556 3556 deor.
569 3505 592 3570 l,
605 3506 633 3568 3,
648 3507 663 3555 6
697 3506 706 3519 “
719 3525 782 3559 num
794 3511 903 3558 societat
917 3545 924 3557 .

156 3591 248 3626 noe-
259 3592 316 3627 cum
325 3574 593 3639 coenomanorum,
608 3578 664 3625 tum
752 3578 876 3641 attingit:
889 3575 913 3642 ξ.
928 3575 968 3625 18.
986 3609 991 3613 -

156 3647 271 3694 mecine
285 3643 539 3711 philosophodmnur,
560 3642 628 3708 quod
639 3647 665 3692 et
751 3648 861 3709 itemque
881 3641 1032 3708 magnitudo
1053 3644 1140 3691 machoi.
1180 3640 1226 3690 Die

158 3713 286 3762 eromenes
303 3711 435 3762 declarant
453 3712 568 3776 rqfertoe
580 3709 663 3779 pttto-
717 3711 800 3775 Frage
812 3712 876 3762 iiber
887 3713 935 3761 den
944 3710 1048 3773 Vorzug
1058 3710 1104 3759 der
1114 3708 1226 3760 Gecech-

157 3780 298 3847 eophorum
314 3783 447 3830 sententiis
463 3784 490 3829 et
504 3779 665 3830 doctissimo·
718 3781 810 3843 tigkeit
835 3781 897 3829 oder
920 3779 965 3828 des
986 3777 1141 3828 Hochsinnes
1161 3776 1228 3827 wind

157 3862 216 3896 rum
232 3848 365 3898 hominum
372 3848 587 3913 fmndoizrttatea‚
610 3853 664 3914 qut-
718 3864 767 3898 nur
778 3847 897 3911 beiliinfig
909 3846 1104 3912 eingeschcben‚
1127 3860 1155 3895 so
1168 3846 1227 3896 dass

158 3916 205 3963 dus
217 3930 320 3982 semper
328 3914 666 3982 domusnoetrafioruitct
719 3917 756 3966 sie
768 3915 905 3978 ollerdings
920 3915 969 3964 den
981 3914 1054 3979 Gang
1070 3916 1116 3965 des
1129 3914 1227 3964 Berroi-

156 3982 284 4048 paa'ncipea
294 3982 332 4033 itti
342 3983 494 4048 Antilochus,
507 3984 590 4047 Philo,
601 3984 664 4037 Dio·
719 3999 761 4034 ses
771 3983 1070 4036 stortundunterhrieht
1090 3984 1155 4036 Eine
1164 3982 1227 4033 wei·
