2776 4502
160 321 201 384 gg
591 300 636 365 DE
654 313 793 368 urricus

158 471 251 537 vereri
266 488 358 550 exque
372 469 408 530 iis
424 469 548 548 deligere
563 467 694 549 optImos
709 476 739 530 et
753 467 992 550 probatissimos,
1007 480 1135 548 quorum
1151 487 1225 532 con-

112 576 115 583 ’
161 558 226 620 silio
247 565 334 636 atque
353 554 525 617 auctoritate
544 554 667 616 nitatur:
689 555 818 617 ineuntis
833 552 912 616 enim
926 552 1030 615 aetatis
1044 553 1160 617 inscitia
1175 574 1224 618 se-

159 658 232 706 num
248 638 451 704 constituenda
465 647 495 701 et
507 639 635 719 regenda
649 640 802 721 prudentia
817 647 871 701 ast.
902 638 1026 701 blaxIme
1040 647 1138 702 autem
1153 639 1226 704 haec

160 734 239 790 aetas
259 744 275 788 a
294 725 463 788 libidinibus
478 725 603 787 arcenda
618 733 664 787 est
677 726 898 804 exercendaque
911 724 942 785 in
954 723 1226 805 laborepatientia·

160 831 217 893 que
236 819 266 874 et
286 810 376 872 animi
395 818 425 872 et
445 811 595 890 corporis,
614 818 648 872 ut
667 830 771 874 eorum
791 811 865 872 etin
879 808 989 871 bellicis
1004 810 1078 871 etin
1092 810 1224 875 civilibus

159 897 264 959 officiis
283 896 378 975 rigeat
396 894 550 958 industria.
591 897 687 976 Atque
707 896 794 959 etiam
813 914 882 958 cum
901 895 1031 957 relaxare
1055 896 1173 958 animos
1196 906 1226 959 et

160 983 229 1044 dare
249 1001 281 1042 se
301 981 474 1043 iucunditati
488 981 598 1055 volent,
617 990 737 1044 caveant
751 980 1018 1061 intemperantiam,
1037 982 1227 1044 meminerint

159 1066 358 1140 verecundiae,
374 1067 455 1145 quod
470 1066 523 1127 erit
538 1066 660 1143 Iacilius,
676 1067 747 1129 siin
763 1067 919 1129 eiusmodi
931 1065 1148 1146 quidemrebus
1160 1086 1224 1130 ma-

92 1162 140 1216 123
160 1152 239 1214 iores
253 1158 324 1213 natu
338 1151 437 1213 volent
450 1151 600 1212 Interesse.
628 1151 758 1215 Senibus
773 1159 871 1213 autem
884 1151 999 1213 labores
1014 1153 1151 1231 corporis
1166 1152 1224 1213 rui·

159 1237 282 1311 urendi,
308 1236 528 1298 exercitationes
555 1236 646 1298 animi
672 1239 760 1299 etiam
786 1236 934 1318 augendae
953 1235 1101 1298 sidentur:
1128 1237 1226 1303 danda

54 1342 57 1347 ’
159 1341 229 1384 vero
240 1340 341 1402 vopera
356 1331 389 1382 ut
404 1327 433 1382 et
449 1321 559 1383 amicos
574 1332 603 1383 et
617 1323 797 1386 iuventutem
813 1334 842 1382 et
857 1321 983 1383 maxIme
997 1336 1060 1382 rem
1075 1321 1225 1401 publicam

160 1407 283 1469 consilio
299 1415 329 1467 et
342 1406 498 1485 prudentia
513 1425 600 1486 quam
615 1408 775 1488 plurimum
789 1408 934 1486 adiuvent.
960 1406 1038 1468 Nihil
1049 1419 1147 1468 autem
1158 1425 1223 1468 ma·

160 1492 204 1570 gis
225 1492 385 1554 cavendum
406 1499 451 1553 est
466 1492 608 1553 senectuti
624 1512 712 1573 quam
727 1512 764 1554 ne
779 1492 912 1571 languori
928 1510 960 1552 se
973 1491 1157 1572 desidiaeque
1172 1493 1224 1554 de·

160 1578 217 1639 dat.
252 1575 379 1639 Luxuria
391 1595 463 1637 vero
479 1595 545 1638 cum
561 1578 644 1638 omni
658 1578 745 1639 aetati
759 1577 854 1657 turpis
869 1587 933 1639 tum
950 1578 1096 1639 senectuti
1112 1577 1224 1640 laedis·

159 1662 235 1723 sima
260 1669 312 1723 est.
349 1660 401 1723 Sin
427 1670 523 1723 autem
550 1661 637 1724 etiam
663 1663 818 1725 libidinum
842 1663 1069 1742 intemperantia
1094 1660 1226 1736 accessit,

160 1747 267 1827 duplex
282 1747 390 1809 malum
408 1754 461 1821 est,
476 1748 555 1827 quod
570 1754 599 1808 et
615 1749 680 1828 ipsa
696 1755 831 1810 senectus
843 1747 969 1809 dedecus
981 1747 1109 1827 concipit
1119 1756 1149 1808 et
1159 1746 1227 1809 facit

160 1831 390 1893 adulescentium
410 1831 658 1911 impudentiorem
674 1831 937 1913 intemperantiam.

91 1923 140 1975 124
244 1917 286 1976 Ao
302 1934 339 1976 ne
352 1916 422 1976 illud
437 1916 555 1994 quidem
571 1917 694 1978 alienum
710 1926 769 1990 est,
783 1917 820 1977 de
835 1916 1058 1995 magistratuum
1075 1917 1112 1977 de
1126 1916 1224 1995 priva·

158 2009 268 2072 torum,
283 2001 320 2061 de
335 2000 440 2062 ciuium
455 2001 492 2061 de
505 2001 729 2080 peregrlnorum
740 2000 845 2063 ciliciis
855 1999 959 2062 dicere.
986 2000 1041 2061 Est
1050 2000 1139 2079 igitur
1149 2019 1223 2079 pro·

158 2086 257 2166 prium
274 2103 383 2146 munus
399 2087 587 2164 magistratus
602 2086 768 2166 intellegere
783 2105 815 2147 se
829 2103 930 2166 gerere
947 2104 1108 2166 personam
1123 2086 1223 2148 ciuita-

159 2170 197 2231 tis
216 2169 379 2250 debereque
398 2170 468 2257 eius'
482 2170 651 2248 dIgnitatem
671 2180 701 2232 et
719 2172 808 2233 decus
830 2171 989 2245 sustinere,
1008 2189 1123 2234 servare
1137 2172 1224 2251 leges,

158 2255 223 2316 iura
248 2254 426 2329 describere,
451 2275 483 2317 ea
504 2255 571 2317 fidei
591 2275 662 2318 suae
681 2256 840 2319 commissa
859 2256 1039 2317 memInisse.
1074 2255 1224 2318 Privatum

158 2348 256 2402 autem
277 2347 395 2419 oportet
414 2359 508 2421 aequo
524 2348 552 2401 et
566 2341 630 2420 pari
646 2360 715 2403 cum
729 2341 840 2403 civibus
855 2342 918 2403 iure
932 2341 1027 2402 rivere
1040 2359 1137 2421 neque
1151 2342 1223 2402 sub·

193 2533 246 2595 84.
266 2544 323 2595 122,
342 2543 585 2612 eapteiirdeb'gere.
598 2544 665 2596 Vor·
718 2545 802 2610 hialig
814 2545 1006 2595 vorkonunende
1021 2545 1175 2596 constructio
1192 2545 1225 2595 ad

158 2613 246 2662 uebme
259 2612 522 2677 riimisebeliinglinge
535 2613 665 2664 scblossen
719 2628 820 2664 sensum
836 2613 881 2663 aui
890 2618 970 2664 aetus.
999 2612 1084 2679 §.147
1097 2616 1125 2664 in
1135 2615 1224 2680 pretim

159 2680 213 2728 sieb
236 2695 269 2728 an
293 2679 449 2731 bedeutcnde
474 2678 665 2732 Staatsmiinner
718 2680 842 2749 eulpam.

158 2761 203 2808 aa,
221 2762 262 2795 um
275 2761 325 2795 von
338 2747 411 2796 ihren
426 2748 495 2797 nieht
507 2763 556 2797 nur
567 2749 666 2814 prakti-
751 2749 900 2800 iucunditas
912 2750 947 2800 ist
957 2749 1077 2800 mildorer
1089 2748 1223 2799 Ausdraek

158 2813 218 2863 seba
230 2812 407 2876 Erlalrrungen
421 2811 464 2863 iiir
485 2813 529 2864 das
550 2815 665 2880 Ixiinltige
718 2816 898 2884 discoloratur,
911 2817 976 2867 dean
987 2817 1045 2868 aem
1063 2819 1111 2867 tuta¹
1120 2833 1148 2866 aa
1160 2815 1225 2868 dara

158 2880 320 2931 Staatslcben
343 2897 375 2931 ze
398 2881 530 2942 sammelu,
555 2884 664 2934 sordem
718 2884 806 2934 wiirde
828 2885 883 2934 eine
904 2886 1021 2937 tadelude
1041 2833 1223 2935 bebenbedeu-

158 2951 221 2999 aueb
233 2950 258 2998 in
271 2948 341 2999 ibrer
352 2963 448 3013 ganam
461 2948 589 3000 sittlicben
600 2949 664 3001 Per·
718 2959 780 3016 tang
791 2952 980 3004 einsebliess‘en.

158 3016 309 3068 sdnlicbkeit
330 3017 383 3067 sich
399 3019 461 3067 nach
477 3017 550 3068 ibnen
568 3035 601 3069 zu
616 3018 663 3070 bil·
752 3019 1031 3087 iueturmodtpm‘dem:
1042 3021 1145 3088 attidem
1156 3020 1225 3071 niebt

158 3086 215 3135 den.
252 3085 280 3135 S.'
294 3086 335 3136 dle
353 3084 520 3149 Sebilderung
539 3086 580 3137 bei
599 3086 664 3138 PIIn.
718 3088 935 3153 einsebriinlrend,
960 3090 1068 3139 sondern
1091 3088 1224 3151 betonem,

158 3169 197 3219 ep.
210 3148 280 3216 VIII,
301 3153 340 3204 14.
364 3153 399 3204 So
421 3154 518 3204 sabloss
539 3156 591 3206 sich
613 3154 665 3206 Cic.
719 3157 821 3221 ‚genade
834 3156 875 3207 bei
888 3156 1007 3208 soleben‘.

158 3227 247 3271 zuerst
262 3237 294 3270 au
311 3223 359 3272 den
370 3221 472 3285 Augur,
494 3223 558 3273 daun
571 3239 603 3274 ιιιι
616 3225 665 3274 den
755 3223 812 3274 124.
830 3228 890 3277 iura
905 3225 1058 3289 decumbere,
1078 3224 1117 3274 die
1129 3222 1224 3273 liecbta

157 3287 277 3338 Pontifex
290 3288 468 3354 Scaevolam,
484 3291 665 3342 andenselben
718 3293 765 3342 der
784 3292 922 3343 Einzelnen
942 3292 1148 3359 unterscbeiden,
1169 3289 1224 3342 aui-

157 3355 186 3407 P.
198 3353 308 3406 Rutilius
332 3354 477 3421 11‚13‚47.
511 3357 545 3407 So
563 3374 595 3410 an
613 3358 664 3409 Cic.
719 3361 792 3410 recht
802 3360 895 3411 baltea.
925 3360 984 3424 Vgl.
998 3361 1021 3426 §.
1034 3359 1064 3410 21
1079 3360 1224 3428 detemptia.

158 3423 240 3474 selbot
261 3422 294 3474 Μ.
317 3422 417 3474 Caelios
439 3423 494 3490 (pro
507 3424 575 3475 Cael.
588 3426 615 3491 4,
629 3427 664 3491 9),
717 3426 779 3492 ΙΙ,4,
788 3428 828 3478 15.
850 3426 885 3478 Im
899 3428 1042 3493 Gegensatz
1055 3430 1120 3479 dazu
1131 3428 1225 3478 bedeu-
1367 3472 1368 3475 ,

157 3491 192 3542 Μ.
205 3489 340 3543 Terentius
354 3492 398 3556 (ad
411 3490 468 3542 iam.
482 3491 550 3556 XIII,
565 3493 627 3558 tot)
639 3511 664 3545 a.
718 3501 758 3546 tet
777 3495 847 3562 teger
862 3510 968 3549 remora
986 3496 1026 3549 die
1042 3494 1226 3547 Staatsverlas·
1367 3478 1368 3565 l

157 3559 266 3610 Anderc.
699 3569 703 3572 ’
720 3579 784 3628 sung
797 3565 943 3632 bewabren,
961 3566 992 3616 da
1005 3582 1042 3616 or.
1055 3563 1084 3626 II,
1092 3563 1131 3628 16,
1137 3562 1170 3612 68
1182 3565 1227 3630 qui

82 3646 85 3657 ι
192 3629 382 3694 accommanda,
406 3629 431 3677 d.
448 3627 463 3678 i.
488 3628 665 3694 confirmanda,
718 3634 790 3697 iura,
804 3632 939 3700 uniiugae,
952 3635 1226 3700 quica'vt'tatereonata'·

158 3694 315 3745 stabilienda.
333 3697 358 3746 S.
369 3694 443 3747 liritz
456 3711 479 3746 z.
492 3696 610 3762 Selliug.
623 3698 664 3763 35,
721 3705 833 3752 merum.
864 3700 890 3752 In
907 3702 990 3752 einem
1008 3702 1102 3751 andern
1124 3700 1225 3764 Gagan-

160 3762 190 3812 17
206 3765 319 3813 maiores
332 3768 411 3816 rastri
428 3764 542 3832 paranda
556 3768 623 3818 turri
640 3772 667 3819 at
720 3773 791 3819 ratze
804 3772 872 3821 steht
883 3770 927 3821 lea
937 3770 988 3820 und
999 3773 1041 3821 tus
1052 3767 1093 3834 III,
1108 3769 1148 3834 17,
1161 3768 1202 3819 69.

157 3831 350 3882 consumendae
357 3836 502 3885 maiertuta'a
508 3836 667 3887 eea-men·
753 3852 834 3903 coquo
847 3843 874 3888 at
887 3842 950 3907 puri
958 3840 1024 3889 iure.
1048 3838 1095 3888 Ilio
1107 3837 1224 3904 synony-

159 3899 240 3947 tr‘uum
253 3914 313 3949 acea
330 3915 415 3951 utera.
718 3919 774 3954 rnen
792 3906 848 3956 siud
865 3921 912 3955 zur
927 3906 1104 3971 Veratirlung
1120 3907 1165 3956 des
1177 3906 1225 3954 Be·

194 3977 283 4016 aarum
337 3968 404 4019 ziebt
428 3970 480 4022 sich
505 3970 582 4022 durch
608 3971 664 4023 eine
695 3972 1140 4040 ·gaiusmiteinmtervortunten,
1157 3972 1224 4027 Vell.
1364 4014 1365 4067 ,

977 4103 998 4135 l

1347 4460 1361 4463 „
