2772 4504
512 319 615 372 nau
641 319 787 373 carce
831 280 834 288 ’
1120 319 1180 383 123

122 473 201 537 enim
216 481 262 535 est
275 491 335 535 una
348 491 397 535 res
412 491 548 554 prorsus,
563 482 598 536 ut
611 494 674 538 non
687 475 813 537 multum
828 473 943 535 differat
955 473 1032 534 iuter
1045 491 1181 536 summos

122 568 152 622 ot
170 558 333 621 mediocres
352 557 447 632 viros,
472 577 563 639 acque
582 560 714 639 utrisque
737 558 955 640 propemodum
975 560 1181 639 comparanda.
1212 576 1220 587 ‘

90 660 95 667 ·
122 644 243 706 Honore
257 652 286 706 et
300 643 393 722 gloria
403 643 641 706 etbenerolentia
652 644 757 707 civium
768 644 966 706 semassonen
977 652 1067 724 aeque
1079 662 1182 706 omnes
1203 655 1234 707 31

123 737 222 810 egent,
243 729 295 789 sed
314 736 426 802 nmen,
446 729 472 790 si
491 728 539 790 cui
557 731 631 792 haec
650 736 824 810 suppetunt,
847 729 983 791 adiuvant
1001 729 1183 809 aliquantum

46 838 49 845 ¹
123 815 242 877 eumad
258 820 353 874 cetera
366 820 431 875 turn
446 814 482 875 ad
497 815 638 884 amicitias
653 814 875 894 comparandas.

210 898 268 960 Sed
281 898 317 958 dc
327 898 452 961 amicitia
462 899 518 961 alio
529 899 604 963 libro
616 901 725 964 dietum
737 908 789 975 est,
801 899 851 979 qui
862 899 1030 961 inscribitur
1042 898 1184 973 ‚Lacliua‘
1201 903 1222 963 ll

124 984 210 1046 Nunc
224 983 356 1050 dicamus
372 984 407 1045 de
423 985 550 1064 gloria,
571 989 747 1067 quamquam
762 1005 796 1047 ea
810 1003 928 1065 quoque
943 985 979 1045 de
993 1004 1026 1046 re
1040 985 1099 1045 duo
1115 991 1185 1045 sunt

123 1068 219 1131 nostri
233 1068 311 1143 libri,
327 1069 379 1130 sed
394 1071 584 1151 attingamus,
599 1072 717 1154 quando
733 1071 850 1151 undem
865 1089 899 1149 ea
912 1070 944 1131 in
958 1070 1047 1132 rebus
1062 1068 1185 1130 maiori-

123 1153 434 1220 busadministrandis
448 1156 564 1219 adiuvat
577 1157 745 1238 plurimum.
777 1156 900 1218 Summa
913 1155 1001 1234 igitur
1015 1163 1045 1217 et
1058 1155 1186 1235 perlecta

124 1240 215 1319 gloria
229 1248 346 1301 constat
360 1260 395 1302 ex
410 1241 504 1304 tribus
519 1242 580 1304 his:
608 1244 634 1304 si
648 1242 740 1321 diligit
754 1241 923 1314 multitudo,
944 1241 969 1301 si
984 1242 1071 1302 tidem
1086 1240 1185 1312 habet,

125 1326 150 1386 si
166 1325 447 1387 cumadmiratione
467 1328 593 1406 quadam
608 1329 723 1389 honore
738 1327 843 1405 dignos
863 1333 955 1406 putat.
986 1325 1064 1387 llaec
1078 1333 1185 1397 autem,

125 1409 151 1471 si
166 1419 212 1470 est
227 1409 398 1489 simpliciter
417 1412 600 1492 breviterque
615 1413 785 1484 dicendum,
806 1410 913 1489 quihus
928 1409 1016 1471 rebus
1032 1410 1186 1491 pariuntur

107 1498 109 1504 ’
125 1512 143 1555 a
157 1492 292 1571 singulis,
307 1493 416 1555 eisdem
433 1496 493 1556 lere
508 1516 524 1557 a
538 1497 734 1558 multitudine.
766 1496 824 1556 Sed
839 1503 885 1556 est
899 1495 972 1556 alius
989 1513 1105 1574 quoque
1120 1493 1186 1574 qui-

126 1577 194 1638 dam
208 1576 303 1639 aditus
318 1577 355 1639 ad
366 1579 589 1656 multitudinem,
604 1589 637 1643 ut
651 1583 682 1643 in
693 1581 897 1643 universorum
910 1580 1025 1641 animos
1036 1587 1186 1659 tamquam

124 1661 248 1723 influere
262 1662 423 1742 possimus
451 1665 493 1727 Ae
503 1667 632 1746 primum
648 1667 684 1727 de
700 1666 755 1727 illis
766 1666 870 1739 tribus,
885 1684 958 1744 quae
972 1672 1037 1725 ante
1052 1664 1118 1737 dixi,
1133 1663 1185 1725 be·
1208 1676 1240 1727 32

124 1747 305 1816 revolentiae
319 1757 474 1829 praccepta
492 1751 658 1824 videamus,
680 1769 754 1831 quae
773 1749 890 1829 quidem
910 1749 1023 1829 capitur
1037 1748 1185 1810 beneficiis

124 1832 258 1905 maxime,
276 1833 410 1896 seeundo
424 1845 521 1909 autem
531 1837 598 1898 loce
611 1838 758 1898 voluntate
769 1834 899 1896 benefica
909 1833 1108 1895 benevolentia
1119 1852 1186 1893 mo-

155 2017 234 2067 aeque
252 2005 371 2069 cacque
386 2019 462 2072 prop.
498 2005 543 2055 Dia
560 2004 627 2055 Con·
680 2003 867 2054 -38nestent
893 2002 1031 2054 Ueherdas
1044 2000 1187 2053 Wohlwol·

123 2068 247 2119 structicu
270 2070 305 2120 ist
333 2072 396 2121 lace
419 2076 486 2124 enirn
508 2089 562 2124 mee
584 2089 627 2124 ree
682 2072 735 2135 len,
753 2071 872 2122 woriibcr
889 2070 1087 2121 ebenoelrcnim
1098 2069 1187 2134 angen

14 2189 20 2192 ,
120 2152 233 2205 prorsus
245 2139 417 2206 omnparenda
429 2144 478 2206 ert,
500 2145 526 2190 et
534 2157 630 2209 propc-
681 2141 780 2190 melnen
789 2141 941 2205 gespreelren
951 2139 994 2202 ist,
1007 2145 1101 2189 musstc
1111 2139 1193 2189 daher

123 2204 228 2255 modum
243 2220 322 2271 aeque
337 2209 462 2273 relataque.
490 2209 536 2258 Dic
554 2208 628 2259 lldss.
682 2208 738 2257 hier
750 2207 917 2257 ncclrmolsim
926 2206 1188 2270 Besonderengclruu·

123 2271 202 2322 haben
223 2289 302 2339 eaque
320 2276 437 2340 utrisque
457 2280 497 2326 eet
509 2292 585 2346 prop.
603 2292 630 2342 c,
683 2276 860 2327 dcltwerdcu.
886 2274 944 2325 Allo
964 2274 1020 2324 drei
1035 2274 1123 2324 Thcile
1144 2275 1189 2324 des
1241 2296 1249 2304 ·

123 2339 205 2390 wobci
221 2343 298 2391 sehon
315 2342 354 2392 dio
366 2342 512 2408 Erkliirung
526 2346 573 2395 der
587 2361 630 2395 er·
684 2343 777 2395 Ruhms
794 2343 899 2393 erwirbt
910 2356 966 2392 mau
979 2343 1031 2392 sich
1046 2342 1125 2392 durch
1137 2340 1189 2392 Ge-

123 2415 180 2458 steu
192 2407 285 2460 Worte
302 2411 364 2461 dccc
380 2415 420 2461 eet
436 2429 487 2463 una
502 2429 545 2463 res
554 2429 632 2481 prer-
685 2410 837 2473 reehtigkeit
849 2409 874 2476 ᾗ.
888 2410 998 2460 38-45.
1030 2408 1127 2460 Durani
1141 2409 1189 2459 lol-

122 2478 632 2543 euautgrosseSclrwierigleiteumaeht.
686 2495 734 2542 gen
744 2476 1004 2528 llinzelverschrilten
1016 2477 1080 2526 iiber
1092 2478 1132 2526 dic
1143 2477 1191 2527 Er·

122 2542 213 2594 luder
233 2547 327 2595 andern
350 2546 433 2597 ll‘dllle
454 2548 572 2599 erkliiren
591 2549 631 2598 die
685 2546 808 2609 werbuug
824 2547 869 2596 des
885 2545 978 2595 Rulrms
996 2546 1073 2594 durch
1085 2543 1191 2607 llriegs·

123 2611 219 2662 Lexica
246 2613 433 2681 propemodum
464 2615 510 2664 auf
532 2615 630 2680 glolohe
685 2615 771 2664 thaten
788 2613 815 2679 ᾗ.
825 2613 871 2675 45,
892 2612 940 2662 den
957 2611 1069 2676 Umgang
1084 2613 1130 2662 mit
1145 2611 1190 2662 be-

123 2679 227 2741 Weiso‚
249 2696 303 2731 was
316 2696 344 2730 es
360 2681 400 2731 uic
418 2682 543 2733 bedenteu
555 2683 629 2747 laun,
685 2682 801 2732 riilrmtcn
819 2680 942 2731 Miiuuera
959 2678 984 2745 ξ.
997 2679 1074 2744 deff„
1095 2680 1190 2730 Bercd-

124 2748 226 2797 Andere
243 2749 348 2798 wollten
362 2764 390 2799 es
402 2750 448 2800 cul
462 2751 501 2800 ein
519 2753 544 2800 iu
561 2766 630 2801 ecoe·
684 2748 790 2800 aamlrcit
801 2747 825 2814 ξ.
838 2748 947 2799 48-51.

50 2860 52 2869 .
121 2816 241 2884 paranda
252 2816 308 2867 dem
319 2816 395 2867 Sinna
407 2820 469 2869 uaelr
481 2818 632 2870 steclraudes
719 2817 995 2868 consenescentem.
1005 2816 1192 2867 Dicsecxistir·

34 2942 36 2947 .
123 2898 226 2934 neeesse
237 2884 359 2935 bozichen
377 2886 488 2950 (beinahc
501 2888 631 2937 nothwcu-
685 2892 730 2935 ten
741 2886 803 2935 noch
816 2902 848 2935 zu
859 2884 994 2936 Petrurcus
1006 2883 1073 2936 Zeit.

124 2951 166 3014 dig
178 2967 211 3001 zu
222 2951 383 3017 beschaffen),
396 2970 448 3004 was
457 2956 633 3018 grammaticen
717 2955 859 3020 canuntur
867 2969 883 3002 a
891 2952 1010 3020 nogotia,
1021 2952 1062 3003 bei
1074 2953 1122 3002 den
1131 2953 1192 3002 lliu-

125 3019 194 3069 uieht
214 3027 259 3082 gut
278 3021 385 3084 rodg'lielr
414 3024 464 3072 und
481 3024 537 3073 dam
554 3022 631 3073 Since
687 3023 776 3072 aelneu
789 3020 814 3086 ξ.
828 3020 869 3070 45.
905 3019 1042 3070 'lenllun
1060 3019 1101 3085 lli,
1121 3020 1153 3082 ῤ,
1176 3022 1213 3085 9Ι

126 3087 187 3136 uach
205 3087 342 3152 falsclrist,
363 3089 428 3139 donn
445 3090 633 3142 dieUnerliiss-
686 3090 762 3140 aalide
787 3093 864 3154 atque
882 3090 915 3137 ab
931 3103 960 3138 ec
979 3091 1096 3153 gratim
1119 3088 1192 3152 lanne,

125 3153 213 3205 delcit
229 3156 276 3204 der
291 3155 474 3210 Freuudsclmlt
491 3158 549 3208 dari
563 3160 632 3210 nieht
687 3173 764 3225 quem
775 3156 846 3207 otdec
858 3155 931 3219 celle,
947 3157 1024 3205 cribo.
1049 3155 1095 3204 Die
1108 3154 1192 3206 Zwei·

125 3222 203 3272 durch
218 3223 260 3272 eiu
274 3226 460 3292 propemedum
480 3226 633 3277 beselirliukt
686 3224 838 3287 dentigkeit,
860 3224 900 3274 dic
917 3224 942 3273 iu
958 3222 1053 3273 diesem
1069 3225 1101 3273 ab
1121 3224 1192 3289 licgt,

125 3290 236 3339 worden.
687 3294 721 3345 ist
732 3293 884 3343 uamoutlieh
896 3292 937 3341 bei
1002 3296 1092 3360 cetero,
1110 3293 1192 3344 adde

160 3346 192 3406 9.
222 3357 254 3407 de
274 3357 369 3423 glorie.
405 3359 440 3410 lis
462 3360 566 3424 begiuut
588 3363 634 3412 der
687 3365 717 3428 ei,
731 3360 979 3426 mebadqoohliu
998 3376 1022 3425 g.

127 3424 218 3475 aweitc
230 3423 365 3478 Absehnitt
377 3428 406 3490 (s.
417 3444 440 3477 a.
454 3428 477 3494 ξ.
488 3429 540 3493 21),
552 3431 634 3480 werin
720 3429 788 3481 eliae
809 3445 906 3496 qnoque
922 3427 1025 3510 qnidam
1041 3428 1127 3479 aditos
1148 3428 1193 3478 be·

125 3492 416 3546 auseiuanderzusetzcn
440 3496 487 3560 ist,
511 3498 570 3548 dass
594 3498 634 3548 die
688 3498 757 3548 zieht
777 3498 829 3548 sich
850 3497 896 3548 auf
909 3498 949 3547 dre
970 3495 996 3563 ᾗ.
1010 3496 1042 3546 45
1059 3496 1192 3559 folgenden

126 3559 262 3612 Mcuschcu
275 3564 339 3613 mnu
352 3565 455 3628 geueigt
469 3564 535 3629 siud,
557 3582 635 3617 unser
689 3566 855 3633 specielleren
867 3564 1049 3617 Versetur-istan.

128 3627 206 3679 Wolrl
217 3646 250 3679 zu
261 3629 374 3694 sordem,
385 3647 459 3683 wenc
471 3635 508 3684 sie
521 3650 569 3684 uus
580 3635 634 3685 ihre
723 3633 764 3683 32.
787 3634 1128 3700 recommemorata,
1140 3632 1165 3681 d.
1175 3631 1192 3682 i.

128 3695 347 3763 Hoelraclrtuog
362 3701 414 3751 und
425 3702 465 3752 ΙΙΙ·
476 3701 634 3754 Vertrau'·
686 3702 922 3772 prieneoelento‘oe
931 3700 1119 3818 conlocandae.
1130 3699 1193 3764 §.86

128 3765 309 3818 eusehcukeu.
336 3768 410 3820 Diam
423 3770 512 3827 beiden
524 3771 634 3835 Begriffe
688 3771 962 3838 oltdtetr'rpraceepta.
992 3767 1195 3836 ‚3,8prcceepta

128 3833 230 3883 werden
247 3834 302 3885 dem
318 3836 415 3901 Begrill
432 3837 524 3891 Rubra
545 3846 633 3891 unter—
688 3839 779 3904 offleii.

128 3901 258 3964 gcorduet,
270 3903 369 3956 denaus
375 3905 547 3957 Welrlwollcn
560 3905 632 3973 §.32
721 3906 851 3957 uoluntate
861 3904 974 3971 terrestre
990 3904 1025 3955 ist
1040 3910 1129 3969 gesagt
1144 3902 1193 3951 wie

49 4012 51 4017 .
128 3967 392 4039 Vertumnus-35,
409 3974 632 4040 lloehacltuu33d
686 3976 949 4042 sapieneeeeeeate'o,
962 3970 1193 4039 sorteeooede'um
