2772 4504
514 296 626 351 unni.
654 298 877 390 cerne-293
1046 334 1049 341 -
1148 292 1211 356 209

155 456 250 529 etiem,
266 455 315 536 qui
329 455 416 516 deum
433 471 551 533 semper
565 471 649 532 agere
663 453 769 533 eliqtud
780 461 809 514 et
818 451 914 529 meliri
925 449 1034 520 velunt,
1050 460 1212 524 numquam

155 559 210 603 nee
234 540 319 604 iresci
338 541 425 602 deum
444 558 500 601 nec
518 555 633 600 necere.
674 539 752 614 Quid
770 547 867 600 eutem
889 539 980 618 iratus
996 530 1125 613 luppiter
1143 529 1215 608 plus>

154 645 261 689 necere
280 626 428 707 potuisset
442 643 529 704 quem
543 624 645 686 nocuit
659 625 714 685 sihi
729 625 793 704 ipse
806 618 957 703 Regulus?
976 620 1053 682 nulle
1067 613 1211 711 igiturvis
1282 651 1287 658 -

52 758 58 771 ,
154 712 209 774 tuit
223 712 378 792 religionis,
393 729 466 790 quae
481 719 589 773 tantem
604 710 758 772 utilitatem
770 714 954 790 perverteret.
983 705 1029 767 An
1040 723 1077 766 ne
1088 707 1213 794 turpiter

155 795 284 859 laceret?
324 795 457 859 Primum
480 795 601 857 minime
621 796 656 857 de
675 795 768 858 malis.
808 794 886 856 Num
906 792 993 871 igitur
1011 796 1125 852 tentum
1146 784 1213 880 rnelr

154 882 304 962 turpitude
319 882 375 944 ista
388 880 511 944 habebat
522 888 664 961 quantum
674 882 721 943 ille
733 877 897 943 cruciatus?
926 876 1035 939 Deinde
1045 871 1115 937 illud
1126 877 1211 932 etrum

155 969 233 1047 apud
247 968 368 1043 Attium,

580 1052 729 1134 Freeiette'
743 1050 851 1133 fidere?

254 1140 353 1221 Ne'que
367 1141 433 1203 dedi
445 1159 534 1222 neque
550 1142 586 1203 de
600 1138 712 1219 infideli
725 1137 859 1219 cuiquem
874 1183 881 1197 .
899 1184 905 1197 .
923 1182 929 1195 .
946 1182 953 1196 .

154 1262 333 1324 quemquem
352 1243 387 1305 eb
402 1244 494 1324 impie
508 1261 577 1322 rege
591 1238 708 1315 dicitur,
727 1241 870 1303 luculente
885 1248 983 1301 temen
997 1238 1120 1302 dicitur?
1149 1239 1210 1301 dd·
1233 1243 1281 1297 1⁰3

154 1329 228 1391 dunt
241 1328 336 1411 etium,
350 1335 453 1410 ‘quem
468 1329 503 1390 ed
518 1327 641 1389 medum
655 1346 712 1388 nes
728 1327 858 1387 dieamus
872 1324 963 1385 videri
977 1324 1117 1405 quaedam
1132 1310 1211 1387 uuu‘a

134 1400 232 1494 ᾟιῇ
247 1433 310 1475 nen
326 1414 397 1489 sint,
418 1414 460 1475 sic
480 1433 512 1473 se
531 1413 626 1473 dicere
641 1410 730 1473 videri
751 1410 893 1491 quaedam
913 1411 1036 1471 honesta
1057 1428 1130 1491 quae
1149 1428 1212 1472 nen

154 1499 225 1560 sint:
245 1508 278 1561 ut
295 1500 353 1561 hec
372 1497 598 1580 ipsum⁰videtur
617 1499 777 1558 honestum
795 1495 986 1559 conservandi
1005 1495 1077 1556 iuris
1096 1496 1211 1558 iurandi

155 1603 243 1646 cause
257 1585 293 1647 ed
309 1586 469 1647 cruciatum
484 1583 651 1657 revertisse,
667 1580 718 1644 sed
734 1583 767 1642 fit
780 1601 841 1642 nen
856 1582 1024 1654 honestum,
1040 1581 1115 1661 quie,
1132 1582 1212 1662 qued

155 1669 284 1751 pervim
303 1671 435 1732 hostium
454 1677 533 1732 esset
547 1678 658 1743 ectum,
673 1675 770 1730 ratuni
786 1686 851 1728 esse
867 1685 929 1727 nen
945 1665 1060 1727 debuit’.
1092 1667 1213 1755 Addunt
1319 1704 1322 1713 ι

156 1757 252 1844 θήρῃ),
268 1756 422 1836 ‘quidquid
438 1755 519 1817 valde
534 1755 604 1816 utile
619 1757 665 1829 sit,
679 1753 710 1815 id
724 1745 787 1814 lie'ri
802 1754 970 1825 honestum,
986 1751 1072 1813 etiam
1088 1752 1114 1813 si
1129 1761 1213 1813 antee

152 1832 393 1903 nenvideretur!
421 1842 499 1903 lleee
510 1842 569 1902 lere
581 1848 683 1902 contre
694 1839 845 1917 Regulum.
876 1838 934 1898 Sed
948 1838 1212 1917 primavideernus.

219 1927 295 1989 ‘Non
303 1927 723 2025 fuitluppiterjuetuendusne
729 1925 820 1985 iratus
829 1912 1012 2003 noceretqui
1021 1941 1116 2002 neque
1125 1923 1211 1985 irasci
1229 1912 1272 1976 2⁰

155 2013 228 2074 solet
246 2032 301 2075 nec
320 2013 443 2075 necere?
474 2012 551 2074 llaec
570 2012 688 2093 quidem
707 2011 793 2072 ratic
804 2027 865 2071 nen
884 2009 977 2087 magis
994 2016 1096 2070 eontra
1111 2008 1213 2088 Reguli
1235 2004 1285 2059 1⁰4

157 2117 245 2179 quam
261 2107 363 2160 contre
378 2117 465 2160 omne
479 2098 525 2160 ius
539 2097 694 2159 iuuandum
710 2096 792 2157 valet.
824 2095 880 2156 Sed
895 2095 926 2155 in
940 2093 1138 2159 iureiurando
1152 2112 1214 2156 nen

157 2183 207 2262 qui
226 2191 335 2257 metue,
355 2185 406 2245 sed
426 2202 500 2264 quae
513 2183 556 2244 vis
577 2183 615 2244 sit
629 2183 714 2245 dehet
728 2181 862 2259 intellegi.
892 2180 944 2240 Est
959 2180 1038 2243 eninr
1052 2180 1098 2241 ius
1113 2179 1213 2241 iurau-

156 2268 227 2331 dum
243 2288 258 2333 e
281 2268 395 2329 umetie
414 2268 557 2347 religiose.
589 2268 675 2340 Quod
695 2275 791 2328 eutem
811 2267 951 2327 affirmate
971 2265 1056 2345 quasi
1070 2264 1125 2325 dee
1141 2274 1214 2328 teste
1293 2249 1297 2256 ¹

156 2373 210 2434 pre
244 2353 342 2427 leeris,
361 2353 391 2415 id
410 2353 571 2414 tenendum
589 2362 642 2414 est.
671 2353 733 2414 lem
752 2351 831 2411 enirn
850 2368 912 2411 nen
931 2351 967 2411 ed
986 2351 1060 2410 irem
1080 2349 1212 2424 deorum,
1309 2402 1313 2409 ,

154 2269 329 2584 fitilla
346 2448 407 2520 est,
428 2439 480 2500 sed
500 2434 638 2500 iustitiam
660 2446 689 2499 et
709 2436 745 2497 ed
764 2436 852 2496 fidem
872 2434 1006 2514 pertinet.
1036 2434 1110 2532 llum
1125 2454 1213 2514 pree-

143 2542 233 2631 lare
246 2524 373 2585 Ennius:
751 2570 753 2573 .

131 2638 160 2769 (-
258 2619 291 2686 0'
306 2623 389 2687 Fides
404 2610 483 2686 alere
498 2627 567 2705 dpte
577 2627 678 2705 pineis
693 2624 719 2686 e't
732 2627 779 2685 tue
792 2623 953 2685 iereedtlm
967 2614 1061 2683 levis!

192 2690 338 2783 ece
366 2732 463 2777 W..
479 2734 525 2781 e

190 2815 235 2880 qui
244 2812 321 2864 deum
331 2825 432 2879 seraper
443 2825 527 2877 egere,
541 2812 580 2861 die
590 2810 658 2860 iibri·
712 2811 843 2861 wdrtliche
857 2809 1009 2873 Redensert,
1025 2810 1072 2861 wie
1089 2813 1134 2861 des
1145 2812 1214 2874 grie-

156 2896 203 2944 gen
226 2879 273 2931 eul
290 2880 411 2930 Seliretes
436 2879 660 2943 zuriiclrgehenden
713 2880 811 2929 chieclre
828 2873 861 2927 τὰ
878 2873 1009 2945 ἐλάχιστα
1025 2878 1146 2943 ληπτέον
1159 2880 1215 2930 τῶν

157 2948 275 3013 Selrulen,
294 2965 322 2999 se
334 2948 401 2998 viele
414 2964 462 2998 ven
476 2948 550 2997 ilrnen
563 2948 659 3011 wenig-
713 2947 812 3010 κακῶν,
836 2946 914 2997 Arist.
928 2947 978 2996 etlr.
991 2944 1047 2996 Nic.
1060 2945 1089 3009 ll,
1102 2947 1124 3011 9,
1136 2944 1160 2997 2.

157 3023 227 3066 stens
239 3016 284 3067 eul'
293 3017 361 3067 diese
374 3016 457 3080 Fruge
469 3016 608 3079 eingingen.
738 3012 876 3080 fregistiu'
885 3014 984 3082 fidem?
1001 3013 1047 3064 Die
1059 3014 1141 3066 Verse
1158 3016 1214 3065 siud

189 3099 236 3135 nec
247 3086 326 3135 irasci
335 3084 412 3136 dcem
423 3100 469 3135 nec
479 3099 583 3134 necere:
595 3081 625 3146 ll,
636 3081 659 3144 3,
714 3084 768 3134 dem
780 3082 875 3132 Atreus
892 3083 936 3132 des
953 3081 1039 3133 Attius
1056 3090 1214 3133 entnemrnen
1262 3106 1265 3113 ·

158 3151 197 3202 12.
226 3152 419 3231 {enecfflim
431 3150 461 3215 ll,
479 3150 511 3201 27
531 3151 662 3215 Quaedam
715 3155 744 3215 (s.
758 3150 782 3217 ξ.
795 3149 860 3214 106),
870 3151 919 3201 und
928 3165 997 3200 zwer
1010 3165 1077 3200 murs
1088 3152 1134 3202 der
1145 3159 1213 3202 erute

156 3224 225 3284 suet,
238 3218 302 3288 quae
312 3236 405 3273 necere
415 3237 466 3271 nere
473 3223 590 3287 peruret,
602 3219 659 3270 nul·
713 3221 768 3270 dem
773 3217 878 3285 Thyest
885 3218 924 3268 die
931 3219 1048 3269 Antwert
1058 3219 1113 3269 dem
1119 3221 1213 3270 Atreus

156 3286 256 3354 umque
271 3293 322 3340 rim
337 3291 390 3340 niet
404 3288 541 3355 beneficam
553 3292 580 3338 et
590 3288 660 3338 eale·
714 3287 851 3352 zugetheilt
860 3288 970 3337 werden.
992 3285 1046 3336 Aur
1054 3288 1094 3337 die
1106 3288 1214 3338 letztcre

158 3360 240 3407 tarem
251 3357 350 3422 debent,
365 3356 432 3407 etet
440 3356 606 3421 immortales,
618 3358 662 3423 φα·
673 3360 675 3363 ’
713 3356 813 3407 eeziett
825 3356 877 3406 sich
888 3354 1013 3406 luculente
1024 3355 1127 3408 dicitur.

155 3425 299 3476 nervolunt
310 3428 453 3476 odeeeenee
463 3428 580 3494 pereunt.
750 3422 806 3473 103.
825 3428 855 3475 ut
873 3424 920 3474 ltoe
939 3426 1024 3487 iprum
1043 3424 1149 3489 videtur,
1170 3438 1215 3473 eus
1273 3442 1281 3451 ,

188 3498 357 3560 percuteret,
393 3495 531 3544 verdrelten
560 3493 659 3558 ludente,
714 3494 760 3543 der
776 3491 857 3542 cretio
869 3491 969 3558 oblique
983 3491 1046 3541 wird
1058 3493 1083 3542 in
1095 3491 1135 3542 die
1146 3496 1218 3541 reete

155 3561 230 3611 niiml.
241 3562 299 3612 dese
309 3577 339 3612 er
345 3562 461 3613 uulltdrte
470 3562 509 3611 ein
520 3561 620 3613 Nutzen
630 3577 662 3611 zu
713 3561 919 3629 iihergegeugen3
937 3575 959 3609 z.
972 3558 997 3625 ᾗ.
1010 3558 1051 3609 63.

155 3628 660 3765 ⁸⁶⁵⁰eut÷t⁰¹euettttttz
746 3628 956 3747 creduut
974 3626 1152 3746 ulduni
1171 3697 1207 3747 e

155 3712 267 3816 {inermtunt
363 3736 369 3748 ι
432 3736 437 3747 ⁸
600 3714 618 3766 p
713 3765 759 3816 Die
771 3712 1049 3829 elstrae'tenpuegiiue
1059 3711 1170 3814 'welches
1175 3733 1215 3813 die

182 3833 296 3901 jaceret,
307 3850 353 3885 eus
362 3839 481 3886 &mernere
490 3835 525 3885 ist
534 3835 619 3885 timuit
628 3849 660 3883 zu
711 3831 1215 3897 RdmerulsGottheitenpersonilleirten‚

158 3901 292 3963 ergiinzen.
456 3912 466 3925 ·
711 3902 816 3951 werden
846 3900 952 3951 zumeist
980 3899 1100 3964 gelliigelt
1125 3900 1215 3963 denge-

191 3970 354 4094 mgtct'vggoge
370 3972 458 4038 malie,
481 3973 537 4023 eine
558 3970 660 4036 spriieh-
713 3969 790 4033 stellt,
806 3982 834 4017 se
852 3965 925 4037 Spes,
942 3967 1076 4105 Puffm’
1092 3966 1215 4034 Nemesis,
