2772 4504
532 321 592 405 LIB.
604 320 645 377 ΙΙΙ.
673 319 742 380 CAP.
758 320 780 371 l.
791 321 815 371 2.
950 314 953 329 ¹
1137 320 1197 383 ,161

233 476 291 538 Sed
307 494 373 555 curn
388 484 449 539 tota
471 476 667 557 philosophia,
682 477 723 537 mi
734 475 845 549 Cicero,
860 475 996 555 frugiiera
1010 483 1039 535 et
1049 476 1201 536 fructuosa
1218 481 1239 541 2

94 579 99 584 ’
146 579 200 642 nec
212 561 270 623 uiia
284 581 352 642 pars
367 562 429 623 eius
445 562 551 623 inculta
565 581 599 623 ac
614 563 726 623 deserta
741 562 788 635 sit,
803 570 867 623 tum
881 561 977 622 nuilus
992 561 1114 621 feracior
1125 559 1155 620 in
1167 578 1200 621 ea
1220 575 1235 624 5

145 646 227 708 locus
248 655 293 708 est
311 666 366 709 nec
385 647 503 708 uberior
517 666 604 727 quam
619 647 655 708 de
669 640 787 720 effinse,
808 637 946 728 {deibus
962 653 1130 716 constanter
1144 646 1200 705 ho-

67 804 71 811 *
144 726 413 813 nesteqridrivendi
428 741 583 813 praecepta
598 732 753 794 ducuntur.
785 734 848 806 Qua
863 751 896 793 re
911 750 1092 811 quamquam
1103 749 1119 791 a
1131 729 1200 792 Cra-

144 817 227 897 tippo
247 826 366 891 nostro,
385 817 519 898 principe
533 817 619 879 huius
634 818 792 897 mpmoriae
806 817 1067 898 philosophorum,
1087 817 1159 877 haec
1173 823 1201 874 te

145 902 262 963 assidue
277 902 375 963 audire
390 912 476 982 atque
491 905 619 983 accipere
634 884 881 978 conhdffimen
897 903 1061 991 conducere
1075 900 1202 962 arbitror

144 987 248 1049 talibus
263 1006 348 1049 aures
362 995 427 1049 tuas
441 989 563 1051 rocihus
578 972 706 1070 undiqffi
721 989 939 1050 circumsonare
954 1006 1008 1049 nec
1022 1006 1084 1062 eas,
1100 987 1125 1046 si
1140 986 1202 1047 fieri

143 1074 252 1151 possit,
273 1072 430 1153 quicquam
449 1074 526 1135 aliud
546 1072 655 1136 audire.
686 1074 771 1148 Quod
792 1094 859 1137 cum
880 1072 1018 1135 omnihus
1033 1081 1078 1134 est
1093 1072 1200 1133 iacien—
1222 1089 1237 1139 c

144 1158 224 1232 dum,
240 1159 290 1237 qui
304 1159 392 1221 vitam
408 1160 563 1221 honestam
576 1160 690 1238 ingredi
705 1152 841 1257 cpgitant,
857 1167 920 1221 tum
935 1158 1013 1220 haud
1025 1158 1086 1219 scio
1099 1175 1136 1220 an
1148 1175 1200 1238 ne-

144 1243 215 1304 mini
229 1245 328 1323 potius
343 1263 431 1324 quam
445 1245 505 1306 tihi.
528 1245 668 1306 ¹Sustines
680 1247 758 1307 enim
771 1264 832 1307 non
843 1263 962 1325 parvam
974 1242 1202 1324 expectationem

144 1328 299 1390 imitandae
313 1330 474 1391 industriae
485 1338 611 1402 nostrae,
625 1347 762 1409 magnam
772 1331 930 1399 honorum,
946 1348 1008 1390 non
1019 1328 1128 1390 nullam
1138 1330 1201 1390 for·
1319 1396 1323 1408 x

144 1420 223 1474 tasse
236 1414 381 1476 nominis:
406 1414 567 1495 Suscepisti
583 1433 668 1503 onus
673 1434 743 1495 prae
773 1433 805 1476 re
856 1427 921 1477 rave
937 1422 966 1477 et
980 1415 1158 1475 Athenarum
1174 1421 1203 1474 et
1301 1454 1303 1458 -

145 1497 287 1581 Cratippi:
303 1500 339 1560 ad
355 1519 430 1580 quos
447 1518 512 1561 cum
527 1501 723 1580 tamquamad
766 1521 831 1563 erca
939 1501 1084 1561 honarum
1095 1498 1203 1565 artium

103 1665 107 1669 ι
145 1583 370 1667 sisxproiectus
392 1585 508 1646 inanem
529 1587 634 1682 redire,
642 1586 846 1666 turpissimum
866 1593 913 1647 est
931 1586 1156 1646 dedecorantem
1175 1593 1204 1645 et

144 1668 225 1731 urhis
245 1671 446 1732 auctoritatem
466 1677 494 1731 et
512 1671 651 1749 magistri.
682 1674 797 1746 Quare
817 1678 957 1751 quantum
979 1669 1089 1732 conniti
1103 1669 1201 1731 animo

144 1762 239 1834 potes,
254 1764 395 1835 quantum
406 1756 505 1817 labore
521 1756 696 1818 contendere
708 1792 749 1801 —
762 1757 786 1817 si
802 1755 1088 1833 discendilahonest
1102 1755 1201 1834 potius

144 1841 380 1920 quam'voiuptas
394 1875 437 1886 -
451 1843 625 1911 tantumfac
638 1848 671 1904 ut
686 1842 881 1923 efficiaspneve
897 1841 1062 1903 committas
1078 1849 1119 1914 ut,
1136 1858 1201 1921 cum

141 1925 242 1988 omnia
260 1928 444 2007 suppeditata
464 1927 524 1988 sint
543 1946 559 1988 a
579 1927 679 2001 nohis,
701 1936 762 1990 tute
781 1926 833 1988 tihi
853 1927 979 1989 defuisse
993 1925 1114 1988 videare.
1144 1925 1202 1987 Sed
1220 1930 1235 1961 ⁸

143 2011 215 2072 haec
233 2012 387 2074 hedenus:
407 2013 498 2074 multa
516 2012 594 2074 enim
614 2032 700 2094 saepe
720 2015 758 2075 ad
776 2022 805 2074 te
826 2012 999 2075 cohortandi
1019 2011 1109 2091 gratia
1128 2008 1202 2072 scri-

143 2096 267 2175 psimus.
303 2097 388 2159 Nunc
402 2098 438 2158 ad
454 2097 594 2177 reliquam
612 2106 725 2179 partem
743 2098 912 2179 propositae
932 2097 1083 2159 divisionis
1104 2115 1202 2159 rerer-

142 2188 249 2242 tamur.
1046 2187 1050 2191 ’

229 2265 384 2329 Panaetius
399 2268 498 2346 igitur,
518 2266 567 2346 qui
583 2267 646 2329 sine
661 2268 859 2331 controversia
875 2269 910 2330 de
925 2267 1029 2329 officiis
1044 2267 1202 2329 accuratis·
1223 2281 1237 2330 7

146 2419 185 2470 die
200 2418 307 2470 Periode
327 2428 403 2470 uuter
418 2419 513 2471 Caesar
529 2420 575 2471 mit
591 2420 647 2470 ein·
681 2420 774 2472 'Thur
795 2421 848 2471 sich
866 2420 905 2471 ein
922 2418 1098 2483 verniiustiger
1118 2418 1204 2470 Grund

145 2489 262 2551 recinet,
281 2503 320 2538 wo
332 2487 382 2538 Cic.
395 2489 516 2539 cheuialls
529 2504 574 2539 aus
587 2488 649 2538 Mis·
701 2487 823 2539 enirihren
835 2488 907 2539 liisst.

122 2544 126 2561 '
146 2555 223 2604 iailcn
239 2571 271 2605 an
283 2555 331 2605 den
344 2555 576 2621 Staatsgeschiir‘tcn
595 2557 647 2606 sich
734 2558 863 2626 principe:
886 2555 905 2618 1,
920 2556 943 2620 1,
955 2555 980 2606 2.

126 2622 200 2673 adem
208 2622 464 2673 wissenschaftiichen
472 2624 584 2675 Studium
594 2625 669 2679 hin·¹
737 2624 760 2675 6.
795 2641 847 2675 non
869 2640 977 2692 parram
1002 2625 1205 2692 expectationem

125 2678 205 2754 iguo,
218 2706 246 2741 so
258 2689 336 2741 fallen
346 2691 371 2740 in
383 2691 452 2742 diese
461 2691 520 2743 Zcit
530 2691 649 2756 (to-44)
704 2698 751 2744 cet.
776 2693 821 2743 Die
834 2691 965 2757 Adjectiva
982 2709 1032 2744 nen
1043 2707 1133 2772 porca,
1149 2707 1205 2743 rna·

131 2759 194 2819 {alie
205 2760 273 2809 scine
283 2759 556 2827 philosophischcnuud
564 2761 650 2810 rheto·
702 2778 765 2828 gna,
781 2777 832 2812 non
843 2760 913 2812 nulla
924 2761 979 2811 sind
990 2760 1117 2810 hestrmmt
1126 2761 1205 2810 durch

131 2824 244 2903 {rischcn
264 2826 402 2892 Schriften,
425 2843 515 2879 ausser
534 2829 581 2878 den
600 2829 650 2878 Bii-
703 2829 743 2883 dic
767 2830 929 2880 substantiva
951 2827 1091 2894 industria,
1114 2829 1204 2895 honor,

130 2897 221 2945 ³chern
233 2897 263 2945 de
276 2903 350 2960 orat,
363 2897 393 2946 dc
405 2912 432 2946 rc
447 2896 523 2963 pubi,
538 2896 568 2947 de
585 2898 649 2961 legi·
703 2914 803 2949 nomen.
835 2897 881 2947 Die
902 2897 1054 2961 Erwartung
1074 2897 1110 2947 ist
1129 2896 1203 2947 hcine

145 2962 256 3027 bus‚und
265 2965 312 3015 den
326 2964 545 3028 iugcndschriiicn
557 2965 605 3015 wic
618 2967 649 3016 de
703 2967 814 3031 seringe,
827 2965 939 3015 iuscscrn
952 2965 997 3017 der
1008 2963 1080 3015 Eiicr
1090 2965 1206 3028 hein-ge-

146 3031 297 3082 inventione.
703 3035 789 3098 ringer
799 3048 854 3084 war
866 3049 889 3084 u.
904 3048 924 3083 s.
937 3048 968 3083 w.

99 3128 102 3135 ⁴
179 3089 211 3149 2.
228 3100 252 3149 5.
269 3101 488 3154 cum-deserta
499 3105 649 3153 stt—tum.
737 3119 802 3154 onus
817 3102 991 3169 Athenarum,
1014 3101 1069 3152 cine
1089 3099 1208 3164 Auigahe

146 3166 202 3218 Vou
223 3169 288 3218 zwci
308 3170 386 3219 durch
404 3185 507 3220 cum—
520 3173 576 3220 tum
590 3185 649 3220 ver·
703 3186 750 3220 von
764 3168 967 3221 Seitenhthens
1255 3178 1258 3183 '

146 3234 275 3285 hundeum
289 3236 383 3287 Siitzcn
398 3239 466 3287 steht
478 3238 524 3288 der
535 3238 649 3288 crsteim
737 3238 886 3290 sidircendi
895 3238 1123 3307 laborcrtpotr'ur.
1151 3238 1205 3288 Der

147 3301 304 3367 Conjunctiv‚
317 3320 390 3355 weun
400 3320 429 3354 er
438 3306 509 3355 einen
520 3305 649 3368 aligemei-
703 3306 810 3365 Sinntist
825 3307 958 3359 rtdiscme
974 3306 1098 3358 idhorcrt
1127 3308 1203 3357 otius

146 3384 195 3420 nen
209 3368 344 3421 chenhen
359 3373 463 3437 enthiilt,
476 3374 522 3423 mit
536 3375 591 3423 dern
605 3375 650 3423 der
703 3375 755 3425 Der
766 3373 883 3439 infinitiv,
896 3376 942 3426 der
954 3374 1089 3438 cigentlich
1101 3323 1192 3438 iubja
1304 3428 1308 3433 ,

144 3437 648 3521 fulgendo,specieliereverglichcnwird.
703 3443 757 3493 scin
770 3442 853 3506 sollte,
866 3444 900 3493 ist
911 3444 989 3494 durch
998 3442 1141 3495 Attraction
1153 3457 1186 3491 vo

143 3507 648 3630 petephraittthittttdt
702 3511 1248 3644 tutuditdictitabat-tritt?r

143 3651 186 3694 teu
200 3647 346 3713 (praecepta
357 3646 577 3710 dorostorensem)
590 3648 649 3696 hcr-
702 3646 751 3698 489
764 3647 835 3698 hum.
849 3648 873 3698 4.

144 3713 255 3776 geleitet
272 3740 307 3750 -
322 3713 409 3765 Theiis
430 3715 507 3764 durch
529 3715 647 3780 officium,
735 3718 959 3767 nececommr'ttcr.
977 3713 1203 3766 Cicwarmitden

143 3781 220 3831 theiis
241 3782 316 3832 durch
338 3782 421 3832 officia
447 3781 470 3846 (1
490 3781 515 3848 ᾗ.
528 3782 544 3831 4
557 3800 581 3833 u.
594 3784 647 3833 511.
702 3783 835 3849 Ausgahen
847 3784 897 3833 und
907 3784 953 3833 der
961 3782 1140 3834 Lchenswcise
1153 3783 1204 3832 sci-

143 3847 226 3911 Eiula)
251 3848 382 3902 iihcrsetzt
402 3849 453 3902 Cic.
476 3853 603 3916 καθῆκον
622 3852 649 3900 in
702 3869 747 3903 nes
766 3853 862 3902 Schnes
883 3851 908 3900 in
929 3850 1011 3901 Athen
1032 3848 1203 3915 unzuhiedeu.
1288 3847 1292 3853 ’

144 3917 200 3966 dem
212 3915 289 3966 Sinne
308 3917 409 3968 ‘Phicht
425 3935 456 3970 au
470 3919 534 3982 sich,
556 3919 651 3984 Begriff
703 3921 730 3971 S.
742 3920 808 3970 nint
1244 3980 1246 3985 p

144 3982 322 4048 terrorem,
341 3986 365 4035 d.
379 3986 403 4036 h.
421 3988 477 4052 des,
499 3986 542 4038 hir
557 3988 648 4038 descen
737 3989 760 4039 t.
780 3986 987 4053 Aniniipiendan
998 3986 1132 4038 Panaetius
1141 3985 1205 4035 wird
1221 3984 1225 3989 '

199 4064 351 4114 Cicdeoiiic.
974 4073 1003 4123 11
