2776 4502
546 305 607 358 nn.
619 306 638 358 1.
664 306 735 361 car.
751 308 792 360 10.
807 307 847 359 tt.
1188 312 1230 374 45

168 479 252 524 mum
266 460 312 523 ius
328 478 445 521 summa
458 458 573 521 inituia'
586 460 696 522 sactum
710 467 755 522 est
769 460 829 522 iam
843 460 946 523 tritum
957 479 1096 527 sermone
1106 480 1229 543 prover-

168 546 258 608 bium.
291 546 357 619 Quo
378 545 409 605 in
429 563 534 624 genere
553 545 639 606 etiam
659 544 691 606 in
709 564 742 606 re
761 544 877 623 pubbca
896 546 986 606 multa
1005 558 1177 625 peccantur,
1196 555 1231 609 ut

166 631 226 705 ille,
247 630 310 710 qui,
332 649 399 691 cum
408 629 539 708 'triginta
558 629 672 690 dierum
686 638 785 690 essent
801 647 868 693 cum
883 629 969 691 hoste
983 630 1115 693 induciae
1129 633 1229 711 factae,

166 723 258 776 noctu
271 714 468 794 populabatur
482 732 585 793 agros,
607 713 686 792 quod
701 713 815 775 dierum
831 723 930 776 essent
943 723 1056 795 pactae,
1076 732 1139 776 non
1154 734 1228 778 noc-

167 801 242 861 tium
261 797 404 860 induciae.
437 799 480 859 Ne
498 805 602 860 noster
621 798 738 883 quidem
756 799 942 877 probandus,
963 801 988 861 si
1008 817 1111 863 verum
1130 808 1175 862 est
1192 801 1228 874 Q.

166 883 290 945 Fabium
304 883 472 944 Labeonem
492 902 545 944 seu
559 901 648 962 quem
663 884 751 945 alium
766 918 807 928 -
821 883 895 946 nibil
908 884 988 944 enim
1001 885 1095 946 habeo
1112 892 1230 965 praeter

166 968 299 1030 auditum
313 1001 356 1012 —
370 967 512 1029 arbitrum
527 967 649 1029 Nolanis
664 975 693 1029 et
706 968 903 1047 Neapolitanis
919 969 954 1029 de
969 968 1077 1030 finibus
1092 988 1108 1029 a
1124 978 1229 1032 senatu

168 1053 281 1133 datum,
298 1070 365 1116 cum
377 1053 414 1114 ad
428 1052 527 1114 locum
539 1053 680 1126 venisset,
697 1072 764 1114 cum
776 1053 909 1133 utrisque
920 1053 1077 1133 separatim
1088 1053 1228 1128 locutum,

98 1170 136 1185 ω
160 1156 212 1228 ne
230 1137 334 1219 cupide
352 1137 421 1217 quid
441 1144 574 1217 agerent,
599 1156 636 1198 ne
657 1144 828 1217 appetenter
847 1145 995 1217 atquefflt
1004 1138 1118 1217 regredi
1138 1156 1228 1218 quam

166 1223 305 1301 progredi
326 1223 452 1284 mallent.
483 1223 515 1284 ld
535 1241 602 1285 cum
621 1224 736 1302 utrique
755 1222 907 1295 iecissent,
928 1222 1108 1303 ahquantum
1122 1223 1184 1301 agri
1197 1223 1229 1284 in

165 1307 264 1368 medio
285 1307 417 1368 relictum
436 1316 490 1368 est.
525 1308 625 1388 ltaque
643 1308 761 1369 illorum
782 1308 856 1368 lines
876 1308 933 1380 sic,
954 1317 987 1368 ut
1005 1307 1064 1387 ipsi
1084 1307 1226 1381 dixerant,

165 1391 346 1452 terminavit:
367 1391 398 1451 in
416 1392 515 1452 medio
535 1393 670 1454 relictum
685 1392 767 1471 quod
781 1399 849 1479 erat,
862 1393 973 1471 populo
988 1392 1123 1452 Romano
1144 1392 1227 1453 adiu-

100 1518 151 1549 s-
167 1474 281 1536 dicavit.
314 1475 452 1557 Decipere
470 1477 529 1537 hoc
547 1476 668 1556 quidem
681 1485 745 1549 fest,
770 1494 832 1537 non
857 1476 994 1538 iudicare.
1030 1476 1175 1548 Quocirca
1194 1475 1226 1539 iu

167 1559 249 1620 omni
264 1577 295 1619 re
310 1549 445 1637 fugienda
460 1568 506 1620 est
519 1560 584 1621 talis
599 1561 736 1622 sollertia.
855 1567 1034 1641 §wrm
1044 1580 1080 1663 ‘²1
1089 1586 1111 1625 c

253 1643 328 1705 Sunt
344 1650 440 1704 autem
461 1644 604 1723 quaedam
623 1645 720 1705 ollicia
739 1645 826 1706 etiam
841 1643 980 1713 adversus
1000 1663 1052 1704 eos
1073 1663 1120 1704 ser
1138 1644 1224 1716 anda,
1238 1646 1279 1706 11

164 1728 307 1808 aquibus
327 1727 465 1788 iniuriam
484 1728 641 1807 acceperis.
675 1729 729 1789 Est
750 1729 828 1789 enim
851 1728 1012 1789 ulciscendi
1031 1734 1059 1788 et
1082 1721 1282 1817 puniendipg,
1318 1752 1357 1809 a„

164 1814 286 1886 modus,
301 1818 387 1892 atque
402 1813 480 1874 haud
496 1813 557 1874 scio
573 1832 610 1874 an
626 1812 696 1874 satis
711 1813 750 1873 sit
764 1831 845 1884 eum,
862 1812 911 1891 qui
925 1812 1091 1885 lacessierit
1106 1811 1228 1873 iniuriae
1276 1768 1350 1897 f
1362 1806 1377 1835 ·’

88 1931 127 1966 f
166 1916 235 1958 suae
249 1898 413 1977 poenitere,
430 1906 473 1989 pt
481 1906 510 1959 et
523 1897 588 1977 ipse
603 1917 639 1959 ne
658 1898 729 1977 quid
743 1896 799 1958 tale
814 1898 940 1977 posthac
958 1903 987 1956 et
1006 1895 1093 1958 ceteri
1113 1896 1172 1957 sint
1190 1898 1227 1958 ad
1308 1880 1333 1975 ff,
1341 1892 1380 1993 'J‘

164 1981 302 2044 iniuriam
328 1983 481 2044 tardiores.
515 1987 608 2062 Atque
629 1982 659 2044 in
680 2001 711 2043 re
736 1982 850 2061 pubhca
875 1981 1001 2042 maxime
1027 1982 1227 2043 conservanda
1245 1990 1283 2042 34·
1300 1984 1312 2001 “’
1326 1994 1354 2043 Ἃ

165 2074 235 2128 sunt
254 2068 317 2128 iura
336 2067 411 2128 belli.
446 2067 521 2128 Nam
546 2086 612 2129 cum
637 2066 696 2128 siut
716 2069 775 2128 duo
797 2084 904 2144 genera
928 2067 1107 2139 decertandi,
1132 2084 1256 2127 unum

165 2171 219 2230 per
237 2151 492 2230 disceptationem,
519 2150 641 2213 alterum
666 2151 812 2231 pervim,
837 2168 962 2230 cumque
980 2151 1049 2211 illud
1070 2149 1226 2230 proprium
1260 2206 1278 2221 ‚⁴
1300 2198 1310 2231 J,
1335 2198 1338 2207 ,
1379 2176 1380 2179 “

166 2235 203 2296 sit
217 2236 358 2310 hominiS,
372 2238 431 2297 hoc
444 2237 605 2311 beluarum,
622 2235 850 2315 confugiendum
863 2245 907 2295 est
919 2234 954 2295 ad
966 2236 1126 2315 posteriue,
1144 2234 1169 2294 si
1184 2233 1227 2294 uti
1346 2232 1351 2259 ”

164 2320 314 2382 nonlicet
334 2321 494 2400 superiore.
526 2323 588 2395 Qua
609 2341 641 2383 re
660 2320 846 2401 suscipienda
866 2319 985 2399 quidem
1005 2320 1079 2380 bella
1098 2327 1169 2380 sunt
1187 2319 1226 2380 ob
1245 2329 1279 2378 35

136 2470 142 2475 ,
165 2424 230 2466 earn
246 2424 373 2479 causam,
380 2412 421 2487 pt
436 2407 500 2466 siue
514 2407 619 2467 iniuria
633 2406 664 2466 in
679 2425 751 2485 pace
764 2407 885 2476 vivatur,
903 2411 985 2482 parta
997 2412 1095 2464 autem
1106 2402 1229 2464 victoria
1270 2448 1278 2457 .

165 2490 358 2551 conservandi
373 2490 405 2563 ii,
421 2491 470 2569 qui
485 2507 547 2550 non
563 2490 697 2551 crudeles
712 2490 742 2548 in
758 2488 849 2560 bello,
864 2506 926 2548 non
941 2487 1084 2547 immanes
1100 2488 1242 2558 luerunt,

165 2580 197 2634 ut
213 2574 340 2634 maiores
355 2574 451 2635 nostri
467 2574 664 2647 Tusculanos,
679 2574 806 2652 Aequos,
821 2572 953 2643 Volscos,
969 2570 1228 2753 swerm-

984 2671 998 2694 ν
1154 2660 1262 2747 &bf

198 2792 247 2843 ille.
266 2791 384 2843 Plutarch
405 2793 521 2858 apophtb.
534 2791 626 2843 Lacon.
644 2808 669 2858 p.
759 2781 810 2842 11·
837 2793 902 2841 satir
917 2793 953 2840 sit
968 2764 1081 2840 ίῆίανῑαο
1092 2751 1276 2859 suafipffl

164 2860 214 2911 223
227 2861 327 2911 erziihlt
341 2877 390 2911 von
407 2862 463 2911 dem
481 2861 670 2925 spartaniscben
722 2862 817 2910 nitere:
836 2859 912 2923 demit
924 2860 958 2908 ist
970 2859 1228 2923 dichestralungwe·

164 2926 432 2991 lldnige'lilcomencs,
449 2929 508 2978 dass
521 2943 551 2978 er
561 2927 607 2978 auf
616 2928 669 2978 sol·
724 2928 838 2992 nigstens
855 2927 924 2976 nicht
938 2927 1160 2990 ausgeschlosseu,
1182 2943 1230 2976 nur

78 3010 83 3015 ’
164 2997 210 3046 ebe
232 2995 322 3046 Weise
348 2997 387 3046 die
412 2996 522 3061 Argiver
544 2995 668 3046 tiiuscbte.
723 2995 873 3061 ulsPrincip
886 2995 1019 3044 derselben
1035 2994 1230 3057 dieBesseruug

164 3064 315 3114 Aehnliches
331 3065 447 3130 Ephorus
464 3064 505 3115 bei
523 3064 615 3114 Strabo
632 3063 670 3113 lX
724 3064 773 3113 und
786 3064 826 3112 dic
838 3062 1035 3125 Absohrcclrung
1046 3061 1162 3111 Anderer
1173 3061 1229 3111 aul-

164 3147 188 3197 p.
196 3131 244 3181 402
257 3148 307 3182 von
319 3132 513 3195 denTbruliern,
531 3132 618 3182 weber
629 3132 670 3182 dic
724 3131 836 3194 gestellt⁴
855 3129 956 3180 Ebenso
969 3131 1066 3180 Seneca
1078 3129 1108 3178 de
1121 3129 1192 3179 clem.
1205 3129 1228 3193 5,

164 3199 305 3251 liedensart
333 3201 378 3250 der
406 3199 530 3250 Griechen
560 3202 669 3269 Θρᾳκία
724 3200 769 3248 22:
790 3199 829 3247 die
843 3196 927 3247 Strale
944 3181 1125 3248 sosb‘eirmmt
1143 3200 1232 3248 catut

60 3302 66 3307 ’
165 3263 492 3388 ἼΞἼἼΞἼἼἼἼ
505 3268 670 3387 ἼἼ7η
721 3269 983 3404 {ttrtzlttth
997 3264 1231 3398 tetlthtlttt

165 3406 221 3467 eal,
248 3401 276 3464 (l.
300 3355 410 3454 Faubm
431 3374 583 3454 Laheobem.
618 3404 670 3454 Der
699 3407 770 3454 ,act
788 3407 818 3453 ul
838 3401 948 3453 sublatis
964 3402 1039 3452 malis
1060 3404 1139 3453 ceteri
1157 3418 1231 3452 aecu-

165 3470 257 3521 zweite
282 3469 356 3521 'lheil
379 3472 424 3520 des
444 3470 613 3536 Hauptsatzcs
636 3472 670 3521 ist
723 3474 804 3522 riores
816 3474 910 3522 cicant.
953 3490 961 3505 ·
1284 3480 1287 3489 ‘

164 3540 241 3589 durch
251 3538 480 3590 einehnakoluthie
492 3554 540 3589 von
550 3540 671 3605 dernpar-
758 3539 800 3588 35.
827 3538 992 3602 Tusculanos,
1011 3537 1061 3586 373
1075 3536 1151 3602 (381).
1174 3536 1230 3588 Liv.

166 3607 306 3657 enthetiscb
320 3608 533 3670 eingeschobenen
547 3611 572 3657 εἰ
582 3622 671 3658 retum
724 3605 765 3671 Vl,
778 3606 818 3656 26.
838 3605 902 3669 Vlll,
918 3607 962 3668 14,

163 3680 206 3726 ert
227 3675 350 3740 ubhiingig
373 3676 494 3740 gemacht.
529 3675 670 3738 Eigentlicb
758 3676 876 3742 Aequos:
899 3674 955 3725 Liv.
978 3673 1028 3737 IX,
1046 3673 1078 3723 45
1102 3689 1183 3725 rmum
1206 3679 1233 3724 ot

160 3743 308 3794 ‘wollteCic
322 3743 462 3794 fortlahreu
472 3743 622 3812 probandus
632 3749 673 3794 est
724 3743 898 3810 quodraginta
907 3741 1002 3811 oppida
1011 3742 1181 3810 oppugnando
1191 3758 1230 3792 cc-

164 3810 264 3875 Lahoc,·
281 3827 301 3862 s.
315 3829 337 3862 z.
355 3810 380 3877 ξ.
394 3811 435 3862 22.
462 3812 559 3874 chco,
578 3811 672 3862 Consul
723 3816 828 3879 pmcne,
841 3825 950 3877 quorum
960 3810 1081 3877 pleraque
1093 3810 1181 3861 diruta
1191 3815 1232 3862 at-

153 3893 154 3897 ¹
166 3878 212 3928 571
227 3878 304 3942 (183),
314 3880 378 3930 wind
388 3880 457 3931 Brut.
468 3879 547 3944 rtet
561 3880 623 3931 uucb
632 3881 670 3930 als
725 3896 774 3945 que
790 3882 905 3944 incensu,
922 3884 1063 3947 omoeoque
1080 3881 1231 3944 Aequorum

165 3945 266 3998 Redner
278 3956 395 4011 genennt.
723 3963 805 4016 prope
832 3946 867 3998 ud
891 3949 1087 3999 internecionem
1111 3945 1229 3998 deletum.
