2776 4502
5 1178 7 1185 ·
105 1216 106 1219 ¹
156 1143 251 1205 simile
276 1143 379 1204 vitium
405 1143 436 1205 in
461 1152 546 1224 gestu
570 1153 713 1225 motuque
738 1151 880 1207 caveatur.
915 1145 991 1207 Nam
1011 1153 1039 1207 et
1058 1146 1222 1226 palaestrici

540 265 600 358 nn.
612 305 631 358 1.
659 306 837 360 carasco.
1181 312 1222 377 89

160 464 229 525 deal
246 478 350 525 nemo:
369 470 506 525 verentur
525 462 604 527 euim
623 480 676 537 ne,
693 461 721 523 si
735 479 795 542 quo
811 480 883 525 casu
895 464 1071 543 eveneritut
1084 464 1221 545 corporis

157 556 258 628 partes
271 548 416 628 quaedam
431 547 608 627 aperiantur,
623 547 802 627 aspiciantur
814 566 877 609 non
891 547 1005 610 decore.
1032 549 1144 611 Nostro
1156 549 1221 630 qui·

159 635 226 696 dem
241 652 326 695 more
341 651 409 695 cunr
423 633 595 713 parentibus
609 632 737 712 puberes
752 632 817 708 lilii,
837 652 904 695 cunr
919 634 1033 695 soceris
1046 634 1145 713 generi
1160 652 1223 696 non

157 718 297 781 lavantur.
323 718 487 781 Retinenda
502 717 590 797 igitur
604 725 649 779 est
659 718 749 780 huius
759 718 875 798 generis
885 719 1069 793 verecundia,
1084 737 1220 799 praeser-

157 803 210 865 tim
236 811 341 865 natura
366 804 432 883 ipsa
451 803 590 883 magistra
614 812 643 866 et
669 803 750 866 duce.
795 804 870 866 Cum
894 812 993 866 autem
1013 804 1219 884 pulcritudinis
1238 807 1280 870 ab
1381 866 1382 869 ,

158 889 217 950 duo
233 906 338 967 genera
354 888 422 962 sint,
436 906 563 968 quorum
578 888 609 949 in
623 888 714 951 altero
726 897 863 951 venustas
875 889 922 963 sit,
938 889 969 950 in
981 890 1071 951 altero
1084 889 1221 970 dignitas,
1243 901 1292 953 130

157 979 338 1054 venustatem
350 973 524 1035 midiebrem
535 975 641 1036 ducere
651 974 804 1049 debemus,
817 974 989 1054 dignitatem
999 975 1119 1036 virilem.
1143 974 1221 1054 Ergo
1252 978 1267 1012 ⁸⁵
1314 964 1347 1057 gl

157 1066 219 1119 eta
240 1061 334 1119 lorma
353 1067 538 1121 removeatur
558 1059 656 1121 omnis
675 1059 738 1122 viro
758 1077 821 1121 non
841 1060 947 1139 dignus
967 1073 1090 1122 ornatus
1110 1067 1140 1121 et
1154 1059 1299 1173 briem
1308 1095 1382 1167 m

155 1236 255 1290 motus
271 1237 342 1291 sunt
356 1248 443 1309 saepe
458 1230 622 1292 odiosiores
638 1237 666 1291 et
675 1230 854 1292 histrionum
866 1230 1011 1292 nonnulli
1023 1239 1124 1310 gestus
1136 1231 1221 1312 inep-

155 1313 204 1374 tiis
219 1332 282 1375 non
296 1322 399 1376 vacant
414 1322 443 1374 et
457 1314 489 1376 iu
503 1323 630 1394 utroque
645 1333 751 1393 genere
764 1334 842 1395 quae
856 1323 925 1377 sunt
940 1323 1018 1377 recta
1034 1324 1062 1376 et
1078 1316 1220 1395 simplicia

154 1398 318 1461 laudantur.
349 1399 474 1461 Formae
494 1407 591 1462 autem
611 1400 737 1478 dignitas
758 1399 866 1460 coloris
887 1399 1017 1461 bonitate
1037 1401 1145 1462 tuenda
1168 1408 1220 1475 est

42 1550 46 1553 ,
156 1483 238 1544 color
258 1483 514 1547 exercitationibus
534 1484 678 1564 corporis.
715 1484 889 1546 Adhibenda
908 1492 1057 1564 praeterea
1076 1486 1222 1548 munditia

143 1574 203 1639 ,est
222 1585 284 1627 non
305 1567 406 1628 odiosa
422 1585 517 1648 neque
532 1569 673 1648 exquisita
688 1569 792 1641 nimis,
813 1578 928 1631 tantum
943 1588 1017 1649 quae
1031 1569 1121 1647 fugiat
1136 1589 1220 1651 agre-

157 1659 234 1713 stem
248 1659 279 1713 et
294 1652 487 1714 inhumanam
503 1654 724 1732 neglegentiam.
749 1655 860 1715 Eadem
875 1654 949 1714 ratio
966 1662 1012 1715 est
1025 1654 1159 1717 habenda
1170 1675 1220 1717 ve-

157 1737 258 1809 stitus,
278 1737 311 1798 in
327 1756 401 1817 quo,
417 1737 494 1799 sicut
508 1738 540 1798 in
554 1738 702 1818 plerisque
716 1737 818 1811 rebus,
835 1738 1021 1800 mediocritas
1031 1739 1150 1817 ,optima
1165 1747 1219 1801 est.

155 1821 323 1884 Cavendum
338 1828 434 1884 autem
451 1830 495 1884 est
509 1842 548 1884 ne
563 1831 613 1884 aut
626 1822 810 1885 tarditatibus
825 1831 944 1885 utamur
952 1823 984 1886 in
995 1823 1130 1902 ingressu
1142 1825 1219 1886 mol·
1242 1834 1288 1885 131

154 1906 292 1981 lienibus,
308 1916 341 1969 ut
356 1926 535 1987 pomparum
550 1907 670 1969 ferculis
683 1908 795 1969 similes
810 1927 878 1970 esse
893 1907 1052 1983 videamur,
1067 1909 1163 1970 autin
1178 1913 1336 2007 le-qfflaqt

154 1992 361 2057 stiuationihus
386 1993 583 2073 suscipiamus
611 1993 717 2054 nimias
744 1994 920 2067 celeritates,
947 2012 1111 2073 quaecum
1136 1996 1219 2071 liunt,
1270 2041 1273 2047 .
1328 2038 1368 2077 v(

154 2077 297 2138 anhelitus
313 2085 481 2151 moventur,
497 2080 593 2140 vultus
608 2085 774 2151 mutantur,
791 2098 844 2140 ora
858 2086 1046 2158 torquentur:
1063 2098 1098 2139 ex
1113 2079 1219 2158 quibus
1231 2042 1346 2137 [61666
1357 2076 1371 2129 l

153 2179 261 2240 magna
282 2162 454 2241 significatio
469 2164 503 2224 lit
517 2181 579 2223 non
594 2165 698 2225 adesse
713 2163 919 2225 constantiam.
950 2163 1009 2224 Sed
1024 2163 1116 2224 multo
1133 2165 1220 2226 etiam

153 2247 248 2326 magis
263 2246 474 2309 elaborandum
489 2256 544 2323 est,v
560 2266 598 2309 ne
613 2249 704 2310 animi
715 2256 815 2311 motus
828 2268 844 2310 a
856 2256 960 2309 natura
971 2249 1122 2310 recedant:
1139 2250 1219 2329 quod

152 2350 357 2412 assequemur,
380 2332 405 2392 si
425 2333 592 2403 carebimus
612 2351 649 2395 ne
669 2333 701 2394 in
716 2333 951 2413 perturbationes
966 2340 1053 2413 atque
1068 2334 1218 2395 exanima-

187 2469 245 2519 129.
264 2469 362 2522 Nostro
380 2469 482 2534 quidem
493 2484 578 2520 more:
590 2469 656 2519 Plut.
711 2464 801 2519 hdrten
814 2469 854 2520 bei
868 2470 917 2519 den
927 2469 1038 2519 Rdmern
1049 2486 1082 2518 zu
1094 2471 1165 2520 einer
1175 2486 1219 2533 ge·

152 2535 206 2587 Cat.
216 2553 249 2586 m.
260 2553 282 2586 c.
293 2536 326 2584 20
338 2537 388 2586 τοῦ
400 2532 505 2591 παιδὸς
517 2531 658 2604 παρόντος
712 2537 808 2586 eunden
831 2535 1020 2586 Lebensweise.
1055 2537 1143 2587 Blasse
1166 2536 1219 2588 Ge-

151 2598 364 2654 συλλούσασθαι
368 2600 519 2672 μηδέποτε,
526 2604 659 2654 καὶτοῦτο
712 2603 862 2654 sicbtslarbe
878 2604 933 2666 galt
946 2603 989 2652 fiir
1001 2604 1045 2654 das
1058 2603 1169 2655 Zeichen
1181 2607 1218 2656 ei·

65 2724 72 2734 ,
150 2665 248 2724 κοινὸν
262 2669 328 2726 ἔθος
340 2668 412 2722 ἔοικε
421 2665 565 2739 Ῥωμαίων
578 2667 657 2722 εἶναι.
712 2686 757 2721 nes
773 2670 936 2721 weichlichen
948 2671 1047 2722 Lebens
1063 2673 1114 2723 und
1128 2673 1218 2725 weibi-

185 2728 236 2790 116.
273 2738 331 2789 130.
366 2738 555 2806 pulcritudelcie.
587 2737 657 2789 stou.
711 2740 786 2790 seben
799 2737 920 2789 Wesens.

149 2806 249 2858 erkliirt
277 2803 431 2880 κοσμιότης
453 2806 492 2856 als
515 2801 656 2876 ἐπιστήμη
746 2805 804 2857 131.
823 2805 976 2857 tarditates:
987 2804 1012 2872 ξ.
1022 2806 1064 2857 41.

149 2876 324 2945 πρεπουσῶν
350 2874 396 2926 καὶ
418 2869 557 2942 ἀπρεπῶν
581 2869 657 2940 κινή·
762 2890 898 2942 ompmum
909 2874 1038 2940 seculae:
1061 2875 1122 2927 Hor.
1140 2892 1217 2929 serm.

150 2958 229 2997 σεων.
251 2943 302 2994 Cic.
314 2942 380 2994 lasst
392 2943 439 2994 den
451 2941 548 3007 Begrilf
556 2942 655 2992 walter.
710 2941 728 3006 1,
741 2891 765 3006 ς,
779 2942 795 2992 9
818 2941 863 2995 Nu
878 2943 982 3009 aequale
997 2943 1160 3010 bocndea'fuc't
1169 2945 1217 2997 illi:

183 3012 332 3080 palaestrici
349 3014 449 3075 reolus,
473 3011 658 3075 Bewegnngm,
709 3027 788 3080 saepe
809 3011 878 3062 uelut
900 3012 945 3076 qui
966 3014 1088 3062 currebat
1105 3014 1218 3078 fugiens

149 3082 229 3132 denen
256 3096 313 3131 man
342 3081 387 3129 das
411 3078 586 3142 Erzwunqene
611 3080 657 3129 der
709 3079 820 3137 boetem·
834 3094 961 3146 persaepe
973 3078 1043 3129 uelut
1055 3080 1100 3144 qui
1111 3078 1217 3131 lunmcz'a

149 3148 240 3199 Schola
260 3148 387 3211 armarit,
409 3148 472 3197 denn
494 3163 551 3197 vom
565 3146 655 3215 palae-
709 3161 787 3197 sacra
797 3146 896 3212 serrat.
918 3145 975 3210 Vgl.
993 3146 1033 3195 die
1051 3145 1217 3211 Schilderung

149 3220 226 3269 stete
238 3216 339 3267 lernten
351 3215 392 3266 die
403 3215 496 3266 Rbnrer
508 3214 593 3266 Maass
605 3215 656 3264 und
710 3216 754 3264 des
772 3213 845 3264 Cutil.
861 3213 904 3264 bei
922 3213 984 3265 Sall.
1002 3230 1024 3264 c.
1044 3213 1074 3265 1-5
1088 3214 1157 3266 colos
1169 3233 1218 3268 ec·

148 3283 260 3347 Hultung
271 3285 296 3333 in
308 3286 356 3333 den
368 3284 552 3346 Bewegungen
569 3282 654 3347 Quint.
709 3283 828 3348 sangaris,
833 3281 987 3348 soediocula‘,
998 3283 1151 3350 aliusmodo,
1161 3300 1216 3336 mo-

149 3350 168 3414 1,
183 3350 222 3415 11,
237 3351 268 3400 16
280 3353 397 3416 epitom
413 3351 596 3416 (palaestritis)
607 3367 655 3416 ge·
709 3350 742 3402 do
755 3349 846 3402 tdrdm
862 3353 987 3402 mearam.
1010 3350 1049 3401 Da
1066 3351 1106 3402 die
1123 3350 1217 3402 Rdmer

148 3424 207 3471 staca
218 3422 353 3484 motusque
361 3419 528 3483 formantur,
544 3422 576 3470 ut
585 3422 656 3469 recta
708 3418 788 3469 Ernst
804 3419 856 3469 und
867 3418 968 3471 Wiirde
978 3421 1040 3470 auch
1052 3419 1078 3469 in
1089 3419 1158 3469 allen
1169 3419 1217 3470 Be-

148 3490 202 3541 at'cl
214 3487 325 3550 brachia,
342 3503 375 3537 ue
385 3486 502 3537 deductae
512 3489 656 3538 matieaeee
707 3502 848 3552 wegungen
866 3503 913 3537 zur
930 3486 1013 3537 Schau
1030 3493 1132 3551 brugen,
1150 3486 1217 3536 mun

147 3571 248 3620 marcus,
260 3570 294 3605 ne
304 3558 390 3606 staua
400 3554 546 3617 indecorus,
561 3571 594 3605 ce
605 3571 656 3622 qua
708 3570 765 3605 man
776 3555 830 3605 sicli
841 3555 911 3606 nicht
921 3555 1050 3616 wundern,
1069 3554 1128 3602 dass
1141 3553 1178 3602 sie
1190 3554 1216 3603 in

147 3628 175 3674 ie
188 3623 355 3694 proferendis
370 3622 605 3692 pedidusinrct'tc'a,
622 3630 657 3674 ue'
709 3624 780 3673 einer
820 3623 964 3685 derartigen
997 3619 1216 3672 Aeusserlichkeit

149 3696 227 3760 caput
243 3692 357 3758 oculique
372 3694 404 3742 ad
420 3691 471 3742 alia
486 3695 603 3761 corporis
615 3695 655 3743 dn-
708 3692 771 3741 noch
783 3693 854 3740 mehr
865 3690 904 3741 als
914 3689 1015 3738 wirdas
1025 3686 1134 3738 Zeichen
1144 3689 1215 3739 eines

149 3759 445 3812 Mmedbademl.
653 3796 656 3803 .
707 3759 906 3821 unbestiindigen
919 3754 1070 3807 Charakters
1083 3758 1168 3806 sahen.

183 3826 253 3879 color
281 3830 507 3881 cameracensem·
531 3830 654 3897 emporia
743 3829 959 3878 eoeanahtationea:
995 3822 1070 3874 Tusc.
1088 3821 1168 3887 lue,
1183 3822 1214 3873 19

149 3893 283 3959 Tiiqlicbes
295 3896 378 3946 Baden
394 3897 445 3947 und
453 3897 546 3947 verber
557 3897 653 3962 simle,
708 3897 925 3946 semimortuum
950 3891 1097 3955 (deliniunt)
1116 3893 1214 3942 metum

150 3963 410 4028 schweiaserregende
422 3964 597 4029 Rewegungen
609 3979 655 4029 ge·
707 3965 902 4029 subsequentem
916 3964 942 4011 et
953 3963 1029 4027 quaec·
1039 3960 1157 4011 cornicem
1165 3973 1214 4027 pa-
