<?xml version="1.0" encoding="UTF-8"?>
<!DOCTYPE html PUBLIC "-//W3C//DTD XHTML 1.0 Transitional//EN"
    "http://www.w3.org/TR/xhtml1/DTD/xhtml1-transitional.dtd">
<html xmlns="http://www.w3.org/1999/xhtml" xml:lang="en" lang="en">
 <head>
  <title>
</title>
<meta http-equiv="Content-Type" content="text/html;charset=utf-8" />
  <meta name='ocr-system' content='tesseract 3.04.00' />
  <meta name='ocr-capabilities' content='ocr_page ocr_carea ocr_par ocr_line ocrx_word'/>
</head>
<body>
  <div class='ocr_page' id='page_1' title='image "./deofficiisadmar01heingoog_0038.png"; bbox 0 0 2776 4502; ppageno 0'>
   <div class='ocr_carea' id='block_1_1' title="bbox 545 312 1213 392">
    <p class='ocr_par' dir='ltr' id='par_1_1' title="bbox 545 312 1213 392">
     <span class='ocr_line' id='line_1_1' title="bbox 545 312 1213 392; baseline 0.001 -16"><span class='ocrx_word' id='word_1_1' title='bbox 545 324 636 377; x_wconf 63' lang='lat' dir='ltr'>arou.</span> <span class='ocrx_word' id='word_1_2' title='bbox 663 327 733 379; x_wconf 76' lang='lat' dir='ltr'>aar.</span> <span class='ocrx_word' id='word_1_3' title='bbox 747 327 771 378; x_wconf 83' lang='lat' dir='ltr'>a.</span> <span class='ocrx_word' id='word_1_4' title='bbox 784 328 809 378; x_wconf 82' lang='lat'>4.</span> <span class='ocrx_word' id='word_1_5' title='bbox 1172 312 1213 392; x_wconf 65' lang='lat'>3‘3</span> 
     </span>
    </p>
   </div>
   <div class='ocr_carea' id='block_1_2' title="bbox 54 478 1383 2675">
    <p class='ocr_par' dir='ltr' id='par_1_2' title="bbox 141 478 1215 900">
     <span class='ocr_line' id='line_1_2' title="bbox 151 478 1213 560; baseline 0.002 -20"><span class='ocrx_word' id='word_1_6' title='bbox 151 481 232 559; x_wconf 90' lang='lat' dir='ltr'>quod</span> <span class='ocrx_word' id='word_1_7' title='bbox 252 479 283 539; x_wconf 93' lang='lat' dir='ltr'>in</span> <span class='ocrx_word' id='word_1_8' title='bbox 303 478 539 539; x_wconf 77' lang='lat' dir='ltr'>deliberationem</span> <span class='ocrx_word' id='word_1_9' title='bbox 554 479 643 540; x_wconf 86' lang='lat' dir='ltr'>eadit:</span> <span class='ocrx_word' id='word_1_10' title='bbox 663 481 695 540; x_wconf 92' lang='lat' dir='ltr'>in</span> <span class='ocrx_word' id='word_1_11' title='bbox 714 499 773 560; x_wconf 93' lang='lat' dir='ltr'>quo</span> <span class='ocrx_word' id='word_1_12' title='bbox 789 480 1003 542; x_wconf 88' lang='lat' dir='ltr'>considerando</span> <span class='ocrx_word' id='word_1_13' title='bbox 1020 499 1107 560; x_wconf 82' lang='lat' dir='ltr'>saepe</span> <span class='ocrx_word' id='word_1_14' title='bbox 1122 480 1213 543; x_wconf 86' lang='lat' dir='ltr'>animi</span> 
     </span>
     <span class='ocr_line' id='line_1_3' title="bbox 141 563 1213 646; baseline 0.004 -22"><span class='ocrx_word' id='word_1_15' title='bbox 141 565 180 625; x_wconf 86' lang='lat' dir='ltr'>in</span> <span class='ocrx_word' id='word_1_16' title='bbox 196 563 356 626; x_wconf 79' lang='lat' dir='ltr'>contrarias</span> <span class='ocrx_word' id='word_1_17' title='bbox 373 564 532 624; x_wconf 84' lang='lat' dir='ltr'>sententias</span> <span class='ocrx_word' id='word_1_18' title='bbox 547 563 758 635; x_wconf 87' lang='lat' dir='ltr'>distrahuntur.</span> <span class='ocrx_word' id='word_1_19' title='bbox 786 566 862 625; x_wconf 85' lang='lat' dir='ltr'>Tum</span> <span class='ocrx_word' id='word_1_20' title='bbox 878 576 974 626; x_wconf 89' lang='lat' dir='ltr'>autem</span> <span class='ocrx_word' id='word_1_21' title='bbox 990 573 1039 627; x_wconf 92' lang='lat' dir='ltr'>aut</span> <span class='ocrx_word' id='word_1_22' title='bbox 1053 566 1213 646; x_wconf 78' lang='lat' dir='ltr'>anquirunt</span> 
     </span>
     <span class='ocr_line' id='line_1_4' title="bbox 149 648 1213 729; baseline 0.001 -18"><span class='ocrx_word' id='word_1_23' title='bbox 149 658 199 711; x_wconf 89' lang='lat' dir='ltr'>aut</span> <span class='ocrx_word' id='word_1_24' title='bbox 214 648 382 710; x_wconf 78' lang='lat' dir='ltr'>consultant</span> <span class='ocrx_word' id='word_1_25' title='bbox 395 649 432 709; x_wconf 90' lang='lat' dir='ltr'>ad</span> <span class='ocrx_word' id='word_1_26' title='bbox 443 649 518 708; x_wconf 85' lang='lat' dir='ltr'>vitae</span> <span class='ocrx_word' id='word_1_27' title='bbox 528 648 768 727; x_wconf 84' lang='lat' dir='ltr'>commoditatem</span> <span class='ocrx_word' id='word_1_28' title='bbox 781 649 1056 729; x_wconf 87' lang='lat' dir='ltr'>iucunditatemque,</span> <span class='ocrx_word' id='word_1_29' title='bbox 1073 652 1109 719; x_wconf 88' lang='lat' dir='ltr'>ad</span> <span class='ocrx_word' id='word_1_30' title='bbox 1121 652 1213 713; x_wconf 85' lang='lat' dir='ltr'>lacul-</span> 
     </span>
     <span class='ocr_line' id='line_1_5' title="bbox 149 699 1215 814; baseline 0 -19"><span class='ocrx_word' id='word_1_31' title='bbox 149 741 223 795; x_wconf 85' lang='lat' dir='ltr'>tates</span> <span class='ocrx_word' id='word_1_32' title='bbox 242 750 343 794; x_wconf 84' lang='lat' dir='ltr'>rerum</span> <span class='ocrx_word' id='word_1_33' title='bbox 359 699 450 811; x_wconf 70' lang='lat' dir='ltr'>sique</span> <span class='ocrx_word' id='word_1_34' title='bbox 470 731 586 811; x_wconf 90' lang='lat' dir='ltr'>copias,</span> <span class='ocrx_word' id='word_1_35' title='bbox 607 733 644 794; x_wconf 83' lang='lat' dir='ltr'>ad</span> <span class='ocrx_word' id='word_1_36' title='bbox 659 752 746 813; x_wconf 89' lang='lat' dir='ltr'>opes,</span> <span class='ocrx_word' id='word_1_37' title='bbox 767 735 803 795; x_wconf 83' lang='lat' dir='ltr'>ad</span> <span class='ocrx_word' id='word_1_38' title='bbox 819 734 995 814; x_wconf 87' lang='lat' dir='ltr'>potentiam,</span> <span class='ocrx_word' id='word_1_39' title='bbox 1017 734 1123 814; x_wconf 87' lang='lat' dir='ltr'>quibus</span> <span class='ocrx_word' id='word_1_40' title='bbox 1139 742 1215 795; x_wconf 89' lang='lat' dir='ltr'>etse</span> 
     </span>
     <span class='ocr_line' id='line_1_6' title="bbox 149 818 1213 900; baseline 0 -21"><span class='ocrx_word' id='word_1_41' title='bbox 149 818 270 898; x_wconf 80' lang='lat' dir='ltr'>possint</span> <span class='ocrx_word' id='word_1_42' title='bbox 287 818 386 877; x_wconf 86' lang='lat' dir='ltr'>iuvare</span> <span class='ocrx_word' id='word_1_43' title='bbox 406 824 435 876; x_wconf 91' lang='lat' dir='ltr'>et</span> <span class='ocrx_word' id='word_1_44' title='bbox 454 835 542 891; x_wconf 88' lang='lat' dir='ltr'>suos,</span> <span class='ocrx_word' id='word_1_45' title='bbox 563 818 708 880; x_wconf 90' lang='lat' dir='ltr'>conducat</span> <span class='ocrx_word' id='word_1_46' title='bbox 727 819 756 880; x_wconf 92' lang='lat' dir='ltr'>id</span> <span class='ocrx_word' id='word_1_47' title='bbox 778 837 883 892; x_wconf 90' lang='lat' dir='ltr'>necne,</span> <span class='ocrx_word' id='word_1_48' title='bbox 904 821 941 880; x_wconf 90' lang='lat' dir='ltr'>de</span> <span class='ocrx_word' id='word_1_49' title='bbox 961 837 1021 900; x_wconf 90' lang='lat' dir='ltr'>quo</span> <span class='ocrx_word' id='word_1_50' title='bbox 1037 820 1213 881; x_wconf 85' lang='lat' dir='ltr'>deliberant:</span> 
     </span>
    </p>

    <p class='ocr_par' dir='ltr' id='par_1_3' title="bbox 105 901 1345 1746">
     <span class='ocr_line' id='line_1_7' title="bbox 105 901 1214 982; baseline 0.004 -20"><span class='ocrx_word' id='word_1_51' title='bbox 105 938 117 948; x_wconf 87' lang='lat'>-</span> <span class='ocrx_word' id='word_1_52' title='bbox 150 920 227 982; x_wconf 89' lang='lat' dir='ltr'>quae</span> <span class='ocrx_word' id='word_1_53' title='bbox 241 901 411 963; x_wconf 86' lang='lat' dir='ltr'>deliberatio</span> <span class='ocrx_word' id='word_1_54' title='bbox 427 901 524 962; x_wconf 87' lang='lat' dir='ltr'>omnis</span> <span class='ocrx_word' id='word_1_55' title='bbox 548 903 738 967; x_wconf 82' lang='lat' dir='ltr'>iurationem</span> <span class='ocrx_word' id='word_1_56' title='bbox 753 903 883 965; x_wconf 83' lang='lat' dir='ltr'>utilitatis</span> <span class='ocrx_word' id='word_1_57' title='bbox 900 904 986 965; x_wconf 83' lang='lat' dir='ltr'>cadit.</span> <span class='ocrx_word' id='word_1_58' title='bbox 1011 905 1142 966; x_wconf 82' lang='lat' dir='ltr'>Tertium</span> <span class='ocrx_word' id='word_1_59' title='bbox 1159 904 1214 966; x_wconf 91' lang='lat' dir='ltr'>du-</span> 
     </span>
     <span class='ocr_line' id='line_1_8' title="bbox 149 985 1215 1067; baseline 0.001 -19"><span class='ocrx_word' id='word_1_60' title='bbox 149 985 264 1066; x_wconf 80' lang='lat' dir='ltr'>bitandi</span> <span class='ocrx_word' id='word_1_61' title='bbox 277 990 369 1065; x_wconf 80' lang='lat' dir='ltr'>genus</span> <span class='ocrx_word' id='word_1_62' title='bbox 384 993 446 1059; x_wconf 88' lang='lat' dir='ltr'>est,</span> <span class='ocrx_word' id='word_1_63' title='bbox 467 1005 534 1048; x_wconf 90' lang='lat' dir='ltr'>eum</span> <span class='ocrx_word' id='word_1_64' title='bbox 555 1006 686 1067; x_wconf 81' lang='lat' dir='ltr'>pugnare</span> <span class='ocrx_word' id='word_1_65' title='bbox 705 989 820 1050; x_wconf 89' lang='lat' dir='ltr'>videtur</span> <span class='ocrx_word' id='word_1_66' title='bbox 838 1008 906 1050; x_wconf 89' lang='lat' dir='ltr'>eum</span> <span class='ocrx_word' id='word_1_67' title='bbox 926 989 1052 1050; x_wconf 91' lang='lat' dir='ltr'>honesto</span> <span class='ocrx_word' id='word_1_68' title='bbox 1068 988 1112 1061; x_wconf 90' lang='lat' dir='ltr'>id,</span> <span class='ocrx_word' id='word_1_69' title='bbox 1135 989 1215 1067; x_wconf 91' lang='lat' dir='ltr'>quod</span> 
     </span>
     <span class='ocr_line' id='line_1_9' title="bbox 142 1071 1345 1153; baseline 0.001 -21"><span class='ocrx_word' id='word_1_70' title='bbox 142 1071 266 1132; x_wconf 50' lang='lat' dir='ltr'>vvidetur</span> <span class='ocrx_word' id='word_1_71' title='bbox 291 1090 358 1153; x_wconf 67' lang='lat' dir='ltr'>esse</span> <span class='ocrx_word' id='word_1_72' title='bbox 381 1071 458 1132; x_wconf 90' lang='lat' dir='ltr'>utile.</span> <span class='ocrx_word' id='word_1_73' title='bbox 493 1072 567 1134; x_wconf 87' lang='lat' dir='ltr'>Cum</span> <span class='ocrx_word' id='word_1_74' title='bbox 587 1073 665 1135; x_wconf 90' lang='lat' dir='ltr'>enim</span> <span class='ocrx_word' id='word_1_75' title='bbox 685 1074 796 1135; x_wconf 88' lang='lat' dir='ltr'>utilitas</span> <span class='ocrx_word' id='word_1_76' title='bbox 816 1074 852 1135; x_wconf 89' lang='lat' dir='ltr'>ad</span> <span class='ocrx_word' id='word_1_77' title='bbox 877 1093 917 1135; x_wconf 89' lang='lat' dir='ltr'>se</span> <span class='ocrx_word' id='word_1_78' title='bbox 933 1091 1048 1152; x_wconf 86' lang='lat' dir='ltr'>rapere,</span> <span class='ocrx_word' id='word_1_79' title='bbox 1075 1074 1215 1134; x_wconf 89' lang='lat' dir='ltr'>honestas</span> <span class='ocrx_word' id='word_1_80' title='bbox 1342 1148 1345 1151; x_wconf 19' lang='lat'>¹</span> 
     </span>
     <span class='ocr_line' id='line_1_10' title="bbox 151 1148 1336 1239; baseline 0 -21"><span class='ocrx_word' id='word_1_81' title='bbox 151 1163 254 1218; x_wconf 87' lang='lat' dir='ltr'>contra</span> <span class='ocrx_word' id='word_1_82' title='bbox 272 1174 409 1218; x_wconf 86' lang='lat' dir='ltr'>revocare</span> <span class='ocrx_word' id='word_1_83' title='bbox 429 1157 465 1217; x_wconf 90' lang='lat' dir='ltr'>ad</span> <span class='ocrx_word' id='word_1_84' title='bbox 484 1176 519 1218; x_wconf 92' lang='lat' dir='ltr'>se</span> <span class='ocrx_word' id='word_1_85' title='bbox 532 1159 659 1230; x_wconf 86' lang='lat' dir='ltr'>videtur,</span> <span class='ocrx_word' id='word_1_86' title='bbox 680 1159 723 1239; x_wconf 53' lang='lat' dir='ltr'>fit,</span> <span class='ocrx_word' id='word_1_87' title='bbox 732 1166 765 1219; x_wconf 92' lang='lat' dir='ltr'>ut</span> <span class='ocrx_word' id='word_1_88' title='bbox 779 1158 959 1220; x_wconf 87' lang='lat' dir='ltr'>distrahatur</span> <span class='ocrx_word' id='word_1_89' title='bbox 977 1159 1008 1219; x_wconf 92' lang='lat' dir='ltr'>in</span> <span class='ocrx_word' id='word_1_90' title='bbox 1029 1158 1213 1220; x_wconf 89' lang='lat' dir='ltr'>deliberando</span> <span class='ocrx_word' id='word_1_91' title='bbox 1231 1148 1308 1199; x_wconf 31' lang='lat' dir='ltr'>ff‘l‘t&#39;</span> <span class='ocrx_word' id='word_1_92' title='bbox 1332 1160 1336 1165; x_wconf 80' lang='grc'><em>“</em></span> 
     </span>
     <span class='ocr_line' id='line_1_11' title="bbox 150 1237 1265 1322; baseline -0.003 -19"><span class='ocrx_word' id='word_1_93' title='bbox 150 1241 267 1303; x_wconf 87' lang='lat' dir='ltr'>animus</span> <span class='ocrx_word' id='word_1_94' title='bbox 292 1242 459 1321; x_wconf 83' lang='lat' dir='ltr'>adieratque</span> <span class='ocrx_word' id='word_1_95' title='bbox 482 1242 639 1321; x_wconf 89' lang='lat' dir='ltr'>ancipitem</span> <span class='ocrx_word' id='word_1_96' title='bbox 664 1237 763 1305; x_wconf 77' lang='lat' dir='ltr'>curem</span> <span class='ocrx_word' id='word_1_97' title='bbox 783 1244 937 1322; x_wconf 79' lang='lat' dir='ltr'>cogitandi.</span> <span class='ocrx_word' id='word_1_98' title='bbox 974 1243 1036 1304; x_wconf 92' lang='lat' dir='ltr'>Hac</span> <span class='ocrx_word' id='word_1_99' title='bbox 1063 1243 1213 1316; x_wconf 82' lang='lat' dir='ltr'>divisione,</span> <span class='ocrx_word' id='word_1_100' title='bbox 1234 1251 1265 1302; x_wconf 88' lang='lat'>10</span> 
     </span>
     <span class='ocr_line' id='line_1_12' title="bbox 150 1325 1214 1407; baseline 0 -20"><span class='ocrx_word' id='word_1_101' title='bbox 150 1345 219 1388; x_wconf 89' lang='lat' dir='ltr'>cum</span> <span class='ocrx_word' id='word_1_102' title='bbox 239 1327 401 1406; x_wconf 86' lang='lat' dir='ltr'>praeterire</span> <span class='ocrx_word' id='word_1_103' title='bbox 421 1325 530 1407; x_wconf 88' lang='lat' dir='ltr'>aliquid</span> <span class='ocrx_word' id='word_1_104' title='bbox 550 1328 712 1389; x_wconf 75' lang='lat' dir='ltr'>monianum</span> <span class='ocrx_word' id='word_1_105' title='bbox 733 1328 835 1389; x_wconf 82' lang='lat' dir='ltr'>vitium</span> <span class='ocrx_word' id='word_1_106' title='bbox 856 1329 886 1388; x_wconf 91' lang='lat' dir='ltr'>in</span> <span class='ocrx_word' id='word_1_107' title='bbox 907 1327 1062 1389; x_wconf 81' lang='lat' dir='ltr'>dividendo</span> <span class='ocrx_word' id='word_1_108' title='bbox 1083 1328 1135 1399; x_wconf 93' lang='lat' dir='ltr'>sit,</span> <span class='ocrx_word' id='word_1_109' title='bbox 1155 1327 1214 1387; x_wconf 89' lang='lat' dir='ltr'>duo</span> 
     </span>
     <span class='ocr_line' id='line_1_13' title="bbox 152 1400 1217 1491; baseline -0.001 -18"><span class='ocrx_word' id='word_1_110' title='bbox 152 1400 359 1491; x_wconf 63' lang='lat' dir='ltr'>praetermissa</span> <span class='ocrx_word' id='word_1_111' title='bbox 379 1419 457 1472; x_wconf 91' lang='lat' dir='ltr'>sunt.</span> <span class='ocrx_word' id='word_1_112' title='bbox 487 1412 548 1473; x_wconf 89' lang='lat' dir='ltr'>Nec</span> <span class='ocrx_word' id='word_1_113' title='bbox 567 1414 647 1472; x_wconf 90' lang='lat' dir='ltr'>enim</span> <span class='ocrx_word' id='word_1_114' title='bbox 667 1413 763 1474; x_wconf 88' lang='lat' dir='ltr'>solum</span> <span class='ocrx_word' id='word_1_115' title='bbox 783 1421 886 1490; x_wconf 85' lang='lat' dir='ltr'>utrum</span> <span class='ocrx_word' id='word_1_116' title='bbox 903 1414 1062 1474; x_wconf 88' lang='lat' dir='ltr'>honestum</span> <span class='ocrx_word' id='word_1_117' title='bbox 1078 1429 1116 1472; x_wconf 93' lang='lat' dir='ltr'>an</span> <span class='ocrx_word' id='word_1_118' title='bbox 1130 1407 1217 1491; x_wconf 82' lang='lat' dir='ltr'>turpe</span> 
     </span>
     <span class='ocr_line' id='line_1_14' title="bbox 152 1495 1214 1577; baseline 0.001 -22"><span class='ocrx_word' id='word_1_119' title='bbox 152 1496 191 1556; x_wconf 90' lang='lat' dir='ltr'>sit</span> <span class='ocrx_word' id='word_1_120' title='bbox 210 1495 362 1556; x_wconf 86' lang='lat' dir='ltr'>deliberari</span> <span class='ocrx_word' id='word_1_121' title='bbox 377 1496 465 1569; x_wconf 87' lang='lat' dir='ltr'>solet,</span> <span class='ocrx_word' id='word_1_122' title='bbox 485 1496 638 1558; x_wconf 84' lang='lat' dir='ltr'>sedetiam</span> <span class='ocrx_word' id='word_1_123' title='bbox 655 1497 770 1559; x_wconf 87' lang='lat' dir='ltr'>duobus</span> <span class='ocrx_word' id='word_1_124' title='bbox 786 1497 949 1577; x_wconf 86' lang='lat' dir='ltr'>propositis</span> <span class='ocrx_word' id='word_1_125' title='bbox 965 1496 1098 1558; x_wconf 86' lang='lat' dir='ltr'>honestis</span> <span class='ocrx_word' id='word_1_126' title='bbox 1114 1503 1214 1557; x_wconf 89' lang='lat' dir='ltr'>utrum</span> 
     </span>
     <span class='ocr_line' id='line_1_15' title="bbox 151 1578 1215 1662; baseline 0.001 -21"><span class='ocrx_word' id='word_1_127' title='bbox 151 1579 319 1651; x_wconf 88' lang='lat' dir='ltr'>honestius,</span> <span class='ocrx_word' id='word_1_128' title='bbox 334 1578 463 1658; x_wconf 87' lang='lat' dir='ltr'>itemque</span> <span class='ocrx_word' id='word_1_129' title='bbox 477 1581 594 1642; x_wconf 87' lang='lat' dir='ltr'>duobus</span> <span class='ocrx_word' id='word_1_130' title='bbox 610 1583 772 1662; x_wconf 88' lang='lat' dir='ltr'>propositis</span> <span class='ocrx_word' id='word_1_131' title='bbox 784 1582 903 1643; x_wconf 81' lang='lat' dir='ltr'>utilibus</span> <span class='ocrx_word' id='word_1_132' title='bbox 914 1589 1016 1644; x_wconf 87' lang='lat' dir='ltr'>utrum</span> <span class='ocrx_word' id='word_1_133' title='bbox 1026 1581 1135 1642; x_wconf 88' lang='lat' dir='ltr'>utilius.</span> <span class='ocrx_word' id='word_1_134' title='bbox 1162 1582 1215 1653; x_wconf 91' lang='lat' dir='ltr'>lta,</span> 
     </span>
     <span class='ocr_line' id='line_1_16' title="bbox 153 1664 1216 1746; baseline 0.002 -22"><span class='ocrx_word' id='word_1_135' title='bbox 153 1683 242 1744; x_wconf 92' lang='lat' dir='ltr'>quam</span> <span class='ocrx_word' id='word_1_136' title='bbox 257 1664 303 1724; x_wconf 92' lang='lat' dir='ltr'>ille</span> <span class='ocrx_word' id='word_1_137' title='bbox 317 1664 461 1742; x_wconf 81' lang='lat' dir='ltr'>triplicem</span> <span class='ocrx_word' id='word_1_138' title='bbox 477 1666 587 1742; x_wconf 86' lang='lat' dir='ltr'>putavit</span> <span class='ocrx_word' id='word_1_139' title='bbox 601 1684 666 1726; x_wconf 88' lang='lat' dir='ltr'>esse</span> <span class='ocrx_word' id='word_1_140' title='bbox 679 1667 833 1738; x_wconf 85' lang='lat' dir='ltr'>rationem,</span> <span class='ocrx_word' id='word_1_141' title='bbox 850 1666 880 1726; x_wconf 94' lang='lat' dir='ltr'>in</span> <span class='ocrx_word' id='word_1_142' title='bbox 895 1668 1024 1746; x_wconf 87' lang='lat' dir='ltr'>quinque</span> <span class='ocrx_word' id='word_1_143' title='bbox 1038 1675 1137 1745; x_wconf 87' lang='lat' dir='ltr'>partes</span> <span class='ocrx_word' id='word_1_144' title='bbox 1153 1666 1216 1727; x_wconf 92' lang='lat' dir='ltr'>dis·</span> 
     </span>
    </p>

    <p class='ocr_par' dir='ltr' id='par_1_4' title="bbox 81 1749 1252 1916">
     <span class='ocr_line' id='line_1_17' title="bbox 81 1749 1252 1837; baseline 0.006 -31"><span class='ocrx_word' id='word_1_145' title='bbox 81 1786 107 1806; x_wconf 48' lang='grc' dir='ltr'><em>ι</em></span> <span class='ocrx_word' id='word_1_146' title='bbox 153 1749 242 1810; x_wconf 90' lang='lat' dir='ltr'>tribui</span> <span class='ocrx_word' id='word_1_147' title='bbox 263 1749 366 1811; x_wconf 89' lang='lat' dir='ltr'>dehere</span> <span class='ocrx_word' id='word_1_148' title='bbox 386 1749 539 1837; x_wconf 74' lang='lat' dir='ltr'>reperitur.</span> <span class='ocrx_word' id='word_1_149' title='bbox 560 1750 703 1810; x_wconf 54' lang='lat' dir='ltr'>*Primum</span> <span class='ocrx_word' id='word_1_150' title='bbox 718 1750 806 1829; x_wconf 84' lang='lat' dir='ltr'>igitur</span> <span class='ocrx_word' id='word_1_151' title='bbox 820 1758 863 1812; x_wconf 90' lang='lat' dir='ltr'>est</span> <span class='ocrx_word' id='word_1_152' title='bbox 879 1751 915 1825; x_wconf 86' lang='lat' dir='ltr'>de</span> <span class='ocrx_word' id='word_1_153' title='bbox 928 1751 1070 1823; x_wconf 89' lang='lat' dir='ltr'>honesto,</span> <span class='ocrx_word' id='word_1_154' title='bbox 1092 1750 1145 1810; x_wconf 89' lang='lat' dir='ltr'>sed</span> <span class='ocrx_word' id='word_1_155' title='bbox 1160 1751 1216 1811; x_wconf 90' lang='lat' dir='ltr'>du·</span> <span class='ocrx_word' id='word_1_156' title='bbox 1229 1781 1252 1813; x_wconf 76' lang='lat' dir='ltr'>a·</span> 
     </span>
     <span class='ocr_line' id='line_1_18' title="bbox 153 1825 1239 1916; baseline 0 -22"><span class='ocrx_word' id='word_1_157' title='bbox 153 1833 280 1914; x_wconf 79' lang='lat' dir='ltr'>pliciter,</span> <span class='ocrx_word' id='word_1_158' title='bbox 300 1844 364 1897; x_wconf 91' lang='lat' dir='ltr'>tum</span> <span class='ocrx_word' id='word_1_159' title='bbox 382 1825 455 1914; x_wconf 69' lang='lat' dir='ltr'>pari</span> <span class='ocrx_word' id='word_1_160' title='bbox 462 1834 576 1896; x_wconf 90' lang='lat' dir='ltr'>ratione</span> <span class='ocrx_word' id='word_1_161' title='bbox 592 1836 628 1895; x_wconf 92' lang='lat' dir='ltr'>de</span> <span class='ocrx_word' id='word_1_162' title='bbox 642 1835 720 1909; x_wconf 89' lang='lat' dir='ltr'>utili,</span> <span class='ocrx_word' id='word_1_163' title='bbox 739 1843 810 1916; x_wconf 91' lang='lat' dir='ltr'>post</span> <span class='ocrx_word' id='word_1_164' title='bbox 825 1836 861 1897; x_wconf 88' lang='lat' dir='ltr'>de</span> <span class='ocrx_word' id='word_1_165' title='bbox 876 1835 1097 1916; x_wconf 83' lang='lat' dir='ltr'>comparatione</span> <span class='ocrx_word' id='word_1_166' title='bbox 1112 1853 1239 1916; x_wconf 53' lang='lat' dir='ltr'>eorum,</span> 
     </span>
    </p>

    <p class='ocr_par' dir='ltr' id='par_1_5' title="bbox 104 1919 1039 1995">
     <span class='ocr_line' id='line_1_19' title="bbox 104 1919 1039 1995; baseline 0 -15"><span class='ocrx_word' id='word_1_167' title='bbox 104 1973 113 1980; x_wconf 81' lang='grc'>,</span> <span class='ocrx_word' id='word_1_168' title='bbox 155 1919 369 1981; x_wconf 86' lang='lat' dir='ltr'>disserendum.</span> <span class='ocrx_word' id='word_1_169' title='bbox 959 1990 961 1995; x_wconf 23' lang='lat'><strong>¹</strong></span> <span class='ocrx_word' id='word_1_170' title='bbox 1035 1962 1039 1966; x_wconf 71' lang='lat'>,</span> 
     </span>
    </p>

    <p class='ocr_par' dir='ltr' id='par_1_6' title="bbox 155 2004 1337 2171">
     <span class='ocr_line' id='line_1_20' title="bbox 239 2004 1294 2087; baseline 0.003 -23"><span class='ocrx_word' id='word_1_171' title='bbox 239 2004 387 2083; x_wconf 87' lang='lat' dir='ltr'>Principio</span> <span class='ocrx_word' id='word_1_172' title='bbox 409 2004 506 2084; x_wconf 81' lang='lat' dir='ltr'>generi</span> <span class='ocrx_word' id='word_1_173' title='bbox 525 2004 718 2067; x_wconf 91' lang='lat' dir='ltr'>animantium</span> <span class='ocrx_word' id='word_1_174' title='bbox 738 2006 819 2066; x_wconf 91' lang='lat' dir='ltr'>omni</span> <span class='ocrx_word' id='word_1_175' title='bbox 842 2012 887 2065; x_wconf 89' lang='lat' dir='ltr'>est</span> <span class='ocrx_word' id='word_1_176' title='bbox 906 2022 922 2065; x_wconf 91' lang='lat' dir='ltr'>a</span> <span class='ocrx_word' id='word_1_177' title='bbox 941 2013 1043 2067; x_wconf 88' lang='lat' dir='ltr'>natura</span> <span class='ocrx_word' id='word_1_178' title='bbox 1063 2005 1215 2077; x_wconf 87' lang='lat' dir='ltr'>tributum,</span> <span class='ocrx_word' id='word_1_179' title='bbox 1250 2006 1294 2087; x_wconf 57' lang='lat'>4,</span> 
     </span>
     <span class='ocr_line' id='line_1_21' title="bbox 155 2088 1336 2171; baseline -0.002 -22"><span class='ocrx_word' id='word_1_180' title='bbox 155 2096 187 2161; x_wconf 79' lang='lat' dir='ltr'>ut</span> <span class='ocrx_word' id='word_1_181' title='bbox 199 2107 239 2163; x_wconf 91' lang='lat' dir='ltr'>se,</span> <span class='ocrx_word' id='word_1_182' title='bbox 254 2090 340 2151; x_wconf 86' lang='lat' dir='ltr'>vitam</span> <span class='ocrx_word' id='word_1_183' title='bbox 353 2108 520 2168; x_wconf 89' lang='lat' dir='ltr'>corpusque</span> <span class='ocrx_word' id='word_1_184' title='bbox 534 2096 657 2164; x_wconf 90' lang='lat' dir='ltr'>tueatur,</span> <span class='ocrx_word' id='word_1_185' title='bbox 673 2089 795 2151; x_wconf 90' lang='lat' dir='ltr'>declinet</span> <span class='ocrx_word' id='word_1_186' title='bbox 809 2109 851 2164; x_wconf 88' lang='lat' dir='ltr'>ea,</span> <span class='ocrx_word' id='word_1_187' title='bbox 867 2109 939 2169; x_wconf 88' lang='lat' dir='ltr'>quae</span> <span class='ocrx_word' id='word_1_188' title='bbox 953 2090 1087 2151; x_wconf 91' lang='lat' dir='ltr'>nocitura</span> <span class='ocrx_word' id='word_1_189' title='bbox 1097 2089 1215 2149; x_wconf 82' lang='lat' dir='ltr'>ridean-</span> <span class='ocrx_word' id='word_1_190' title='bbox 1236 2088 1301 2149; x_wconf 68' lang='lat'>11&#39;1‘</span> <span class='ocrx_word' id='word_1_191' title='bbox 1305 2092 1336 2171; x_wconf 26' lang='grc' dir='ltr'>ζα.</span> 
     </span>
    </p>

    <p class='ocr_par' dir='ltr' id='par_1_7' title="bbox 114 2163 1383 2425">
     <span class='ocr_line' id='line_1_22' title="bbox 114 2163 1325 2254; baseline -0.001 -20"><span class='ocrx_word' id='word_1_192' title='bbox 114 2163 218 2246; x_wconf 58' lang='lat' dir='ltr'>‘&#39;iur,</span> <span class='ocrx_word' id='word_1_193' title='bbox 240 2173 409 2253; x_wconf 88' lang='lat' dir='ltr'>omniaque,</span> <span class='ocrx_word' id='word_1_194' title='bbox 432 2194 505 2254; x_wconf 93' lang='lat' dir='ltr'>quae</span> <span class='ocrx_word' id='word_1_195' title='bbox 524 2175 583 2235; x_wconf 89' lang='lat' dir='ltr'>sint</span> <span class='ocrx_word' id='word_1_196' title='bbox 602 2175 638 2236; x_wconf 89' lang='lat' dir='ltr'>ad</span> <span class='ocrx_word' id='word_1_197' title='bbox 657 2176 813 2236; x_wconf 87' lang='lat' dir='ltr'>vivendum</span> <span class='ocrx_word' id='word_1_198' title='bbox 832 2177 1013 2247; x_wconf 86' lang='lat' dir='ltr'>necessaria,</span> <span class='ocrx_word' id='word_1_199' title='bbox 1034 2174 1170 2254; x_wconf 89' lang='lat' dir='ltr'>anquirat</span> <span class='ocrx_word' id='word_1_200' title='bbox 1189 2167 1276 2259; x_wconf 91' lang='lat' dir='ltr'>etJ</span> <span class='ocrx_word' id='word_1_201' title='bbox 1299 2172 1325 2195; x_wconf 66' lang='lat'>‘¹&#39;</span> 
     </span>
     <span class='ocr_line' id='line_1_23' title="bbox 156 2258 1383 2351; baseline 0.003 -32"><span class='ocrx_word' id='word_1_202' title='bbox 156 2266 247 2338; x_wconf 89' lang='lat' dir='ltr'>paret,</span> <span class='ocrx_word' id='word_1_203' title='bbox 261 2266 294 2319; x_wconf 92' lang='lat' dir='ltr'>ut</span> <span class='ocrx_word' id='word_1_204' title='bbox 308 2266 435 2337; x_wconf 86' lang='lat' dir='ltr'>pastum,</span> <span class='ocrx_word' id='word_1_205' title='bbox 450 2266 483 2320; x_wconf 88' lang='lat' dir='ltr'>ut</span> <span class='ocrx_word' id='word_1_206' title='bbox 497 2258 622 2332; x_wconf 88' lang='lat' dir='ltr'>latibula,</span> <span class='ocrx_word' id='word_1_207' title='bbox 638 2267 670 2320; x_wconf 90' lang='lat' dir='ltr'>ut</span> <span class='ocrx_word' id='word_1_208' title='bbox 685 2260 740 2321; x_wconf 89' lang='lat' dir='ltr'>alia</span> <span class='ocrx_word' id='word_1_209' title='bbox 755 2260 871 2339; x_wconf 81' lang='lat' dir='ltr'>generis</span> <span class='ocrx_word' id='word_1_210' title='bbox 888 2259 1028 2320; x_wconf 88' lang='lat' dir='ltr'>eiusdem.</span> <span class='ocrx_word' id='word_1_211' title='bbox 1053 2258 1239 2323; x_wconf 62' lang='lat' dir='ltr'>Cornmunea</span> <span class='ocrx_word' id='word_1_212' title='bbox 1297 2268 1323 2351; x_wconf 49' lang='grc' dir='ltr'>ἐξ</span> <span class='ocrx_word' id='word_1_213' title='bbox 1330 2298 1353 2343; x_wconf 45' lang='lat'>,⁵</span> <span class='ocrx_word' id='word_1_214' title='bbox 1382 2294 1383 2303; x_wconf 24' lang='grc' dir='ltr'><strong>κ</strong></span> 
     </span>
     <span class='ocr_line' id='line_1_24' title="bbox 157 2340 1383 2425; baseline -0.002 -21"><span class='ocrx_word' id='word_1_215' title='bbox 157 2351 255 2405; x_wconf 90' lang='lat' dir='ltr'>autem</span> <span class='ocrx_word' id='word_1_216' title='bbox 266 2343 456 2405; x_wconf 87' lang='lat' dir='ltr'>animantium</span> <span class='ocrx_word' id='word_1_217' title='bbox 469 2344 603 2404; x_wconf 89' lang='lat' dir='ltr'>omnium</span> <span class='ocrx_word' id='word_1_218' title='bbox 615 2345 882 2406; x_wconf 89' lang='lat' dir='ltr'>estconiunetionis</span> <span class='ocrx_word' id='word_1_219' title='bbox 891 2344 1036 2425; x_wconf 87' lang='lat' dir='ltr'>appetitus</span> <span class='ocrx_word' id='word_1_220' title='bbox 1043 2341 1218 2422; x_wconf 79' lang='lat' dir='ltr'>procreandi</span> <span class='ocrx_word' id='word_1_221' title='bbox 1301 2340 1313 2373; x_wconf 77' lang='lat'>‘¹</span> <span class='ocrx_word' id='word_1_222' title='bbox 1340 2344 1345 2355; x_wconf 91' lang='grc'><strong>“</strong></span> <span class='ocrx_word' id='word_1_223' title='bbox 1382 2382 1383 2391; x_wconf 24' lang='grc' dir='ltr'><strong>η</strong></span> 
     </span>
    </p>

    <p class='ocr_par' dir='ltr' id='par_1_8' title="bbox 54 2427 1289 2675">
     <span class='ocr_line' id='line_1_25' title="bbox 54 2427 1219 2508; baseline -0.002 -19"><span class='ocrx_word' id='word_1_224' title='bbox 54 2442 59 2447; x_wconf 79' lang='grc'><strong><em>’</em></strong></span> <span class='ocrx_word' id='word_1_225' title='bbox 158 2447 244 2489; x_wconf 86' lang='lat' dir='ltr'>causa</span> <span class='ocrx_word' id='word_1_226' title='bbox 263 2437 292 2489; x_wconf 93' lang='lat' dir='ltr'>et</span> <span class='ocrx_word' id='word_1_227' title='bbox 312 2446 380 2489; x_wconf 86' lang='lat' dir='ltr'>eura</span> <span class='ocrx_word' id='word_1_228' title='bbox 402 2428 544 2506; x_wconf 87' lang='lat' dir='ltr'>quaedam</span> <span class='ocrx_word' id='word_1_229' title='bbox 564 2448 681 2500; x_wconf 89' lang='lat' dir='ltr'>eorum,</span> <span class='ocrx_word' id='word_1_230' title='bbox 700 2449 774 2508; x_wconf 90' lang='lat' dir='ltr'>quae</span> <span class='ocrx_word' id='word_1_231' title='bbox 792 2437 945 2507; x_wconf 87' lang='lat' dir='ltr'>procreata</span> <span class='ocrx_word' id='word_1_232' title='bbox 963 2429 1032 2488; x_wconf 83' lang='lat' dir='ltr'>sint.</span> <span class='ocrx_word' id='word_1_233' title='bbox 1064 2427 1123 2488; x_wconf 84' lang='lat' dir='ltr'>Sed</span> <span class='ocrx_word' id='word_1_234' title='bbox 1142 2428 1219 2487; x_wconf 86' lang='lat' dir='ltr'>inter</span> 
     </span>
     <span class='ocr_line' id='line_1_26' title="bbox 157 2512 1217 2590; baseline -0.003 -17"><span class='ocrx_word' id='word_1_235' title='bbox 157 2512 311 2573; x_wconf 89' lang='lat' dir='ltr'>hominem</span> <span class='ocrx_word' id='word_1_236' title='bbox 337 2520 366 2572; x_wconf 92' lang='lat' dir='ltr'>et</span> <span class='ocrx_word' id='word_1_237' title='bbox 385 2513 500 2572; x_wconf 87' lang='lat' dir='ltr'>beluam</span> <span class='ocrx_word' id='word_1_238' title='bbox 519 2512 578 2572; x_wconf 87' lang='lat' dir='ltr'>hoe</span> <span class='ocrx_word' id='word_1_239' title='bbox 596 2513 722 2573; x_wconf 79' lang='lat' dir='ltr'>maxime</span> <span class='ocrx_word' id='word_1_240' title='bbox 742 2514 876 2582; x_wconf 90' lang='lat' dir='ltr'>interest,</span> <span class='ocrx_word' id='word_1_241' title='bbox 903 2513 1075 2590; x_wconf 75' lang='lat' dir='ltr'>quqd..haec</span> <span class='ocrx_word' id='word_1_242' title='bbox 1093 2518 1217 2581; x_wconf 89' lang='lat' dir='ltr'>tantum,</span> 
     </span>
     <span class='ocr_line' id='line_1_27' title="bbox 160 2595 1219 2675; baseline -0.002 -18"><span class='ocrx_word' id='word_1_243' title='bbox 160 2604 303 2675; x_wconf 89' lang='lat' dir='ltr'>quantum</span> <span class='ocrx_word' id='word_1_244' title='bbox 319 2614 409 2655; x_wconf 89' lang='lat' dir='ltr'>sensu</span> <span class='ocrx_word' id='word_1_245' title='bbox 425 2602 567 2668; x_wconf 83' lang='lat' dir='ltr'>movetur,</span> <span class='ocrx_word' id='word_1_246' title='bbox 583 2596 662 2657; x_wconf 88' lang='lat' dir='ltr'>adid</span> <span class='ocrx_word' id='word_1_247' title='bbox 675 2596 784 2670; x_wconf 88' lang='lat' dir='ltr'>solum,</span> <span class='ocrx_word' id='word_1_248' title='bbox 801 2596 880 2675; x_wconf 91' lang='lat' dir='ltr'>quod</span> <span class='ocrx_word' id='word_1_249' title='bbox 892 2596 975 2656; x_wconf 91' lang='lat' dir='ltr'>adest</span> <span class='ocrx_word' id='word_1_250' title='bbox 987 2595 1123 2674; x_wconf 85' lang='lat' dir='ltr'>quodque</span> <span class='ocrx_word' id='word_1_251' title='bbox 1134 2602 1219 2674; x_wconf 84' lang='lat' dir='ltr'>prae-</span> 
     </span>
    </p>
   </div>
   <div class='ocr_carea' id='block_1_3' title="bbox 110 2739 1383 4097">
    <p class='ocr_par' dir='ltr' id='par_1_9' title="bbox 110 2739 1383 4097">
     <span class='ocr_line' id='line_1_28' title="bbox 158 2739 1220 2812; baseline -0.002 -14"><span class='ocrx_word' id='word_1_252' title='bbox 158 2749 271 2810; x_wconf 80' lang='lat' dir='ltr'>clrungen</span> <span class='ocrx_word' id='word_1_253' title='bbox 294 2761 344 2794; x_wconf 88' lang='lat' dir='ltr'>von</span> <span class='ocrx_word' id='word_1_254' title='bbox 365 2745 411 2795; x_wconf 86' lang='lat' dir='ltr'>der</span> <span class='ocrx_word' id='word_1_255' title='bbox 430 2745 662 2811; x_wconf 73' lang='lat' dir='ltr'>Regemuesigteit,</span> <span class='ocrx_word' id='word_1_256' title='bbox 752 2739 783 2798; x_wconf 78' lang='lat'>4·</span> <span class='ocrx_word' id='word_1_257' title='bbox 807 2745 846 2796; x_wconf 89' lang='lat'>11.</span> <span class='ocrx_word' id='word_1_258' title='bbox 865 2746 918 2797; x_wconf 83' lang='lat' dir='ltr'>Fiir</span> <span class='ocrx_word' id='word_1_259' title='bbox 935 2744 1129 2797; x_wconf 84' lang='lat' dir='ltr'>denlnhultdcs</span> <span class='ocrx_word' id='word_1_260' title='bbox 1141 2744 1220 2812; x_wconf 72' lang='lat' dir='ltr'>itepi-</span> 
     </span>
     <span class='ocr_line' id='line_1_29' title="bbox 157 2812 1383 2879; baseline -0.002 -13"><span class='ocrx_word' id='word_1_261' title='bbox 157 2832 198 2866; x_wconf 86' lang='lat' dir='ltr'>um</span> <span class='ocrx_word' id='word_1_262' title='bbox 219 2815 260 2865; x_wconf 86' lang='lat' dir='ltr'>dic</span> <span class='ocrx_word' id='word_1_263' title='bbox 276 2814 345 2865; x_wconf 84' lang='lat' dir='ltr'>Rode</span> <span class='ocrx_word' id='word_1_264' title='bbox 365 2814 436 2862; x_wconf 86' lang='lat' dir='ltr'>mehr</span> <span class='ocrx_word' id='word_1_265' title='bbox 455 2814 510 2863; x_wconf 89' lang='lat' dir='ltr'>dem</span> <span class='ocrx_word' id='word_1_266' title='bbox 531 2812 602 2863; x_wconf 83' lang='lat' dir='ltr'>Tene</span> <span class='ocrx_word' id='word_1_267' title='bbox 618 2815 665 2864; x_wconf 88' lang='lat' dir='ltr'>der</span> <span class='ocrx_word' id='word_1_268' title='bbox 717 2815 767 2865; x_wconf 83' lang='lat' dir='ltr'>tole</span> <span class='ocrx_word' id='word_1_269' title='bbox 785 2830 805 2864; x_wconf 93' lang='lat' dir='ltr'>s.</span> <span class='ocrx_word' id='word_1_270' title='bbox 825 2814 890 2865; x_wconf 84' lang='lat' dir='ltr'>Einl.</span> <span class='ocrx_word' id='word_1_271' title='bbox 909 2815 940 2864; x_wconf 87' lang='lat' dir='ltr'>de</span> <span class='ocrx_word' id='word_1_272' title='bbox 957 2815 998 2864; x_wconf 85' lang='lat' dir='ltr'>fin.</span> <span class='ocrx_word' id='word_1_273' title='bbox 1015 2813 1048 2864; x_wconf 89' lang='lat' dir='ltr'>lll</span> <span class='ocrx_word' id='word_1_274' title='bbox 1065 2830 1087 2864; x_wconf 89' lang='lat' dir='ltr'>c.</span> <span class='ocrx_word' id='word_1_275' title='bbox 1105 2815 1129 2864; x_wconf 81' lang='lat'>5.</span> <span class='ocrx_word' id='word_1_276' title='bbox 1146 2815 1218 2877; x_wconf 76' lang='lat' dir='ltr'>Diog.</span> <span class='ocrx_word' id='word_1_277' title='bbox 1382 2856 1383 2879; x_wconf 40' lang='lat'>2</span> 
     </span>
     <span class='ocr_line' id='line_1_30' title="bbox 157 2881 1383 2948; baseline -0.007 -13"><span class='ocrx_word' id='word_1_278' title='bbox 157 2882 388 2948; x_wconf 79' lang='lat' dir='ltr'>Umgangsspraehc</span> <span class='ocrx_word' id='word_1_279' title='bbox 404 2895 568 2947; x_wconf 80' lang='lat' dir='ltr'>anzupussen,</span> <span class='ocrx_word' id='word_1_280' title='bbox 581 2881 663 2932; x_wconf 82' lang='lat' dir='ltr'>finden</span> <span class='ocrx_word' id='word_1_281' title='bbox 717 2883 803 2934; x_wconf 85' lang='lat' dir='ltr'>Luert.</span> <span class='ocrx_word' id='word_1_282' title='bbox 818 2882 869 2945; x_wconf 93' lang='lat' dir='ltr'>Vll,</span> <span class='ocrx_word' id='word_1_283' title='bbox 883 2882 924 2932; x_wconf 78' lang='lat'>85.</span> <span class='ocrx_word' id='word_1_284' title='bbox 1118 2932 1121 2939; x_wconf 50' lang='lat'>,</span> <span class='ocrx_word' id='word_1_285' title='bbox 1191 2911 1197 2917; x_wconf 59' lang='grc'><strong><em>»</em></strong></span> <span class='ocrx_word' id='word_1_286' title='bbox 1299 2918 1303 2929; x_wconf 95' lang='grc'><em>.</em></span> <span class='ocrx_word' id='word_1_287' title='bbox 1382 2902 1383 2927; x_wconf 76' lang='lat' dir='ltr'>t</span> 
     </span>
     <span class='ocr_line' id='line_1_31' title="bbox 110 2946 1220 3017; baseline -0.001 -17"><span class='ocrx_word' id='word_1_288' title='bbox 110 2972 115 2979; x_wconf 57' lang='lat'><strong><em>¹</em></strong></span> <span class='ocrx_word' id='word_1_289' title='bbox 130 2946 133 2952; x_wconf 79' lang='grc'><strong>’</strong></span> <span class='ocrx_word' id='word_1_290' title='bbox 154 2952 212 3002; x_wconf 85' lang='lat' dir='ltr'>sich</span> <span class='ocrx_word' id='word_1_291' title='bbox 230 2949 421 3001; x_wconf 44' lang='lat' dir='ltr'>namcntlielr&#39;in</span> <span class='ocrx_word' id='word_1_292' title='bbox 434 2950 482 2999; x_wconf 88' lang='lat' dir='ltr'>den</span> <span class='ocrx_word' id='word_1_293' title='bbox 495 2948 663 3012; x_wconf 79' lang='lat' dir='ltr'>dialogischen</span> <span class='ocrx_word' id='word_1_294' title='bbox 752 2951 942 3017; x_wconf 53' lang='lat' dir='ltr'>Paduqui.</span> <span class='ocrx_word' id='word_1_295' title='bbox 954 2955 1015 3000; x_wconf 75' lang='lat' dir='ltr'>arete</span> <span class='ocrx_word' id='word_1_296' title='bbox 1024 2950 1116 3013; x_wconf 64' lang='lat' dir='ltr'>amaia,</span> <span class='ocrx_word' id='word_1_297' title='bbox 1127 2966 1167 2999; x_wconf 92' lang='lat' dir='ltr'>um</span> <span class='ocrx_word' id='word_1_298' title='bbox 1176 2950 1220 2999; x_wconf 83' lang='lat' dir='ltr'>de-</span> 
     </span>
     <span class='ocr_line' id='line_1_32' title="bbox 158 3016 1222 3085; baseline 0 -17"><span class='ocrx_word' id='word_1_299' title='bbox 158 3016 662 3080; x_wconf 78' lang='lat' dir='ltr'>Schriltchicerosunziihlige:I,14,4l.</span> <span class='ocrx_word' id='word_1_300' title='bbox 679 3038 680 3041; x_wconf 43' lang='lat'>¹</span> <span class='ocrx_word' id='word_1_301' title='bbox 718 3019 762 3068; x_wconf 91' lang='lat' dir='ltr'>mit</span> <span class='ocrx_word' id='word_1_302' title='bbox 774 3018 939 3082; x_wconf 75' lang='lat' dir='ltr'>annulangen.</span> <span class='ocrx_word' id='word_1_303' title='bbox 953 3017 971 3081; x_wconf 88' lang='grc' dir='ltr'>Ι,</span> <span class='ocrx_word' id='word_1_304' title='bbox 982 3018 1023 3081; x_wconf 87' lang='lat'>35,</span> <span class='ocrx_word' id='word_1_305' title='bbox 1036 3017 1084 3076; x_wconf 71' lang='lat'>126</span> <span class='ocrx_word' id='word_1_306' title='bbox 1094 3019 1222 3085; x_wconf 76' lang='lat' dir='ltr'>principio</span> 
     </span>
     <span class='ocr_line' id='line_1_33' title="bbox 116 3084 1223 3220; baseline -0.005 -16"><span class='ocrx_word' id='word_1_307' title='bbox 116 3124 146 3173; x_wconf 56' lang='lat' dir='ltr'>&gt;l</span> <span class='ocrx_word' id='word_1_308' title='bbox 159 3084 664 3220; x_wconf 55' lang='lat' dir='ltr'>,interuenientem</span> <span class='ocrx_word' id='word_1_309' title='bbox 712 3085 1223 3217; x_wconf 26' lang='lat' dir='ltr'>,mpfflqmmnpgtpa</span> 
     </span>
     <span class='ocr_line' id='line_1_34' title="bbox 160 3219 1221 3284; baseline -0.002 -13"><span class='ocrx_word' id='word_1_310' title='bbox 160 3220 664 3284; x_wconf 66' lang='lat' dir='ltr'>Griinde,consulterebedeutetmitsieh</span> <span class='ocrx_word' id='word_1_311' title='bbox 752 3237 884 3271; x_wconf 77' lang='lat' dir='ltr'>commuue</span> <span class='ocrx_word' id='word_1_312' title='bbox 899 3222 978 3270; x_wconf 79' lang='lat' dir='ltr'>item.-</span> <span class='ocrx_word' id='word_1_313' title='bbox 998 3221 1054 3269; x_wconf 86' lang='lat' dir='ltr'>hier</span> <span class='ocrx_word' id='word_1_314' title='bbox 1070 3219 1147 3269; x_wconf 84' lang='lat' dir='ltr'>findet</span> <span class='ocrx_word' id='word_1_315' title='bbox 1163 3220 1221 3270; x_wconf 86' lang='lat' dir='ltr'>kein</span> 
     </span>
     <span class='ocr_line' id='line_1_35' title="bbox 159 3287 1221 3354; baseline 0 -17"><span class='ocrx_word' id='word_1_316' title='bbox 159 3287 382 3351; x_wconf 75' lang='lat' dir='ltr'>auRathegehen‘.</span> <span class='ocrx_word' id='word_1_317' title='bbox 395 3287 665 3354; x_wconf 77' lang='lat' dir='ltr'>DieSynonymawer-</span> <span class='ocrx_word' id='word_1_318' title='bbox 719 3287 861 3351; x_wconf 79' lang='lat' dir='ltr'>Gegensatz</span> <span class='ocrx_word' id='word_1_319' title='bbox 875 3295 948 3353; x_wconf 85' lang='lat' dir='ltr'>stott,</span> <span class='ocrx_word' id='word_1_320' title='bbox 965 3287 1074 3338; x_wconf 87' lang='lat' dir='ltr'>sondern</span> <span class='ocrx_word' id='word_1_321' title='bbox 1090 3289 1129 3337; x_wconf 88' lang='lat' dir='ltr'>ein</span> <span class='ocrx_word' id='word_1_322' title='bbox 1143 3303 1221 3338; x_wconf 87' lang='lat' dir='ltr'>neues</span> 
     </span>
     <span class='ocr_line' id='line_1_36' title="bbox 113 3343 1222 3419; baseline -0.001 -14"><span class='ocrx_word' id='word_1_323' title='bbox 113 3360 145 3413; x_wconf 54' lang='grc' dir='ltr'>Α·</span> <span class='ocrx_word' id='word_1_324' title='bbox 160 3356 209 3404; x_wconf 89' lang='lat' dir='ltr'>den</span> <span class='ocrx_word' id='word_1_325' title='bbox 218 3356 297 3404; x_wconf 88' lang='lat' dir='ltr'>durch</span> <span class='ocrx_word' id='word_1_326' title='bbox 306 3360 389 3404; x_wconf 82' lang='lat' dir='ltr'>aot—</span> <span class='ocrx_word' id='word_1_327' title='bbox 401 3360 448 3405; x_wconf 81' lang='lat' dir='ltr'>aet</span> <span class='ocrx_word' id='word_1_328' title='bbox 459 3356 604 3405; x_wconf 88' lang='lat' dir='ltr'>verbunden</span> <span class='ocrx_word' id='word_1_329' title='bbox 616 3356 665 3406; x_wconf 88' lang='lat' dir='ltr'>wie</span> <span class='ocrx_word' id='word_1_330' title='bbox 715 3343 793 3407; x_wconf 78' lang='lat' dir='ltr'>Glied</span> <span class='ocrx_word' id='word_1_331' title='bbox 809 3357 942 3407; x_wconf 85' lang='lat' dir='ltr'>dccselben</span> <span class='ocrx_word' id='word_1_332' title='bbox 954 3355 1003 3407; x_wconf 85' lang='lat' dir='ltr'>Art</span> <span class='ocrx_word' id='word_1_333' title='bbox 1019 3356 1083 3405; x_wconf 87' lang='lat' dir='ltr'>wird</span> <span class='ocrx_word' id='word_1_334' title='bbox 1100 3357 1222 3419; x_wconf 81' lang='lat' dir='ltr'>hinzuge-</span> 
     </span>
     <span class='ocr_line' id='line_1_37' title="bbox 160 3421 1221 3490; baseline 0 -18"><span class='ocrx_word' id='word_1_335' title='bbox 160 3421 179 3485; x_wconf 84' lang='lat'>1,</span> <span class='ocrx_word' id='word_1_336' title='bbox 195 3421 235 3484; x_wconf 77' lang='lat'>14,</span> <span class='ocrx_word' id='word_1_337' title='bbox 249 3421 282 3470; x_wconf 89' lang='grc'>44</span> <span class='ocrx_word' id='word_1_338' title='bbox 294 3437 370 3486; x_wconf 79' lang='lat' dir='ltr'>quoue</span> <span class='ocrx_word' id='word_1_339' title='bbox 381 3426 429 3471; x_wconf 84' lang='lat' dir='ltr'>cut</span> <span class='ocrx_word' id='word_1_340' title='bbox 438 3422 551 3471; x_wconf 59' lang='lat' dir='ltr'>libertae</span> <span class='ocrx_word' id='word_1_341' title='bbox 560 3428 608 3472; x_wconf 84' lang='lat' dir='ltr'>aut</span> <span class='ocrx_word' id='word_1_342' title='bbox 618 3424 665 3473; x_wconf 84' lang='grc' dir='ltr'><em>Ιιο-</em></span> <span class='ocrx_word' id='word_1_343' title='bbox 717 3424 783 3490; x_wconf 81' lang='lat' dir='ltr'>ffigt,</span> <span class='ocrx_word' id='word_1_344' title='bbox 802 3428 901 3487; x_wconf 69' lang='lat' dir='ltr'>auton,</span> <span class='ocrx_word' id='word_1_345' title='bbox 919 3439 972 3474; x_wconf 84' lang='lat' dir='ltr'>was</span> <span class='ocrx_word' id='word_1_346' title='bbox 985 3424 1025 3473; x_wconf 91' lang='lat' dir='ltr'>die</span> <span class='ocrx_word' id='word_1_347' title='bbox 1042 3423 1116 3474; x_wconf 87' lang='lat' dir='ltr'>Hdss.</span> <span class='ocrx_word' id='word_1_348' title='bbox 1133 3424 1221 3486; x_wconf 84' lang='lat' dir='ltr'>habea,</span> 
     </span>
     <span class='ocr_line' id='line_1_38' title="bbox 159 3487 1224 3560; baseline 0.002 -20"><span class='ocrx_word' id='word_1_349' title='bbox 159 3492 264 3540; x_wconf 73' lang='lat' dir='ltr'>aestati.</span> <span class='ocrx_word' id='word_1_350' title='bbox 275 3487 316 3551; x_wconf 83' lang='lat'>20,</span> <span class='ocrx_word' id='word_1_351' title='bbox 328 3488 360 3538; x_wconf 80' lang='lat' dir='ltr'>ce</span> <span class='ocrx_word' id='word_1_352' title='bbox 372 3492 420 3538; x_wconf 83' lang='lat' dir='ltr'>aut</span> <span class='ocrx_word' id='word_1_353' title='bbox 429 3488 555 3539; x_wconf 65' lang='lat' dir='ltr'>minorare</span> <span class='ocrx_word' id='word_1_354' title='bbox 565 3495 613 3540; x_wconf 80' lang='lat' dir='ltr'>aut</span> <span class='ocrx_word' id='word_1_355' title='bbox 622 3508 667 3560; x_wconf 88' lang='lat' dir='ltr'>cp·</span> <span class='ocrx_word' id='word_1_356' title='bbox 718 3493 783 3543; x_wconf 83' lang='lat' dir='ltr'>kann</span> <span class='ocrx_word' id='word_1_357' title='bbox 793 3494 871 3542; x_wconf 85' lang='lat' dir='ltr'>daher</span> <span class='ocrx_word' id='word_1_358' title='bbox 880 3493 948 3542; x_wconf 85' lang='lat' dir='ltr'>nieht</span> <span class='ocrx_word' id='word_1_359' title='bbox 957 3493 1053 3542; x_wconf 86' lang='lat' dir='ltr'>stehen.</span> <span class='ocrx_word' id='word_1_360' title='bbox 1074 3490 1124 3541; x_wconf 89' lang='lat' dir='ltr'>We</span> <span class='ocrx_word' id='word_1_361' title='bbox 1136 3495 1224 3542; x_wconf 82' lang='lat' dir='ltr'>eutem</span> 
     </span>
     <span class='ocr_line' id='line_1_39' title="bbox 117 3559 1334 3628; baseline -0.001 -20"><span class='ocrx_word' id='word_1_362' title='bbox 117 3564 120 3567; x_wconf 79' lang='grc'>’</span> <span class='ocrx_word' id='word_1_363' title='bbox 162 3561 418 3624; x_wconf 76' lang='lat' dir='ltr'>tareautexpotore.</span> <span class='ocrx_word' id='word_1_364' title='bbox 628 3580 630 3587; x_wconf 54' lang='lat'><strong><em>⁴</em></strong></span> <span class='ocrx_word' id='word_1_365' title='bbox 720 3576 748 3609; x_wconf 90' lang='lat' dir='ltr'>so</span> <span class='ocrx_word' id='word_1_366' title='bbox 765 3559 806 3609; x_wconf 73' lang='lat' dir='ltr'>fuir</span> <span class='ocrx_word' id='word_1_367' title='bbox 820 3575 914 3628; x_wconf 71' lang='lat' dir='ltr'>porro,</span> <span class='ocrx_word' id='word_1_368' title='bbox 934 3564 1080 3628; x_wconf 79' lang='lat' dir='ltr'>practerea,</span> <span class='ocrx_word' id='word_1_369' title='bbox 1100 3562 1162 3608; x_wconf 81' lang='lat' dir='ltr'>item</span> <span class='ocrx_word' id='word_1_370' title='bbox 1177 3573 1223 3620; x_wconf 81' lang='lat' dir='ltr'>ge·</span> <span class='ocrx_word' id='word_1_371' title='bbox 1329 3611 1334 3616; x_wconf 64' lang='grc'><strong>,</strong></span> 
     </span>
     <span class='ocr_line' id='line_1_40' title="bbox 194 3624 1223 3692; baseline -0.002 -16"><span class='ocrx_word' id='word_1_372' title='bbox 194 3641 298 3692; x_wconf 83' lang='lat' dir='ltr'>rapere,</span> <span class='ocrx_word' id='word_1_373' title='bbox 318 3624 454 3688; x_wconf 75' lang='lat' dir='ltr'>gleichsam</span> <span class='ocrx_word' id='word_1_374' title='bbox 471 3624 552 3674; x_wconf 88' lang='lat' dir='ltr'>wider</span> <span class='ocrx_word' id='word_1_375' title='bbox 568 3624 665 3677; x_wconf 88' lang='lat' dir='ltr'>Wilien</span> <span class='ocrx_word' id='word_1_376' title='bbox 719 3628 824 3677; x_wconf 86' lang='lat' dir='ltr'>braucht</span> <span class='ocrx_word' id='word_1_377' title='bbox 836 3629 940 3691; x_wconf 73' lang='lat' dir='ltr'>seuerae,</span> <span class='ocrx_word' id='word_1_378' title='bbox 953 3628 988 3676; x_wconf 84' lang='lat' dir='ltr'>iet</span> <span class='ocrx_word' id='word_1_379' title='bbox 997 3627 1051 3675; x_wconf 88' lang='lat' dir='ltr'>dies</span> <span class='ocrx_word' id='word_1_380' title='bbox 1065 3641 1113 3677; x_wconf 86' lang='lat' dir='ltr'>nur</span> <span class='ocrx_word' id='word_1_381' title='bbox 1125 3627 1223 3676; x_wconf 84' lang='lat' dir='ltr'>sehein-</span> 
     </span>
     <span class='ocr_line' id='line_1_41' title="bbox 162 3691 1223 3758; baseline 0 -14"><span class='ocrx_word' id='word_1_382' title='bbox 162 3694 208 3744; x_wconf 81' lang='lat' dir='ltr'>der</span> <span class='ocrx_word' id='word_1_383' title='bbox 225 3692 360 3744; x_wconf 81' lang='lat' dir='ltr'>Mensehen</span> <span class='ocrx_word' id='word_1_384' title='bbox 376 3692 422 3742; x_wconf 88' lang='lat' dir='ltr'>mit</span> <span class='ocrx_word' id='word_1_385' title='bbox 438 3692 490 3741; x_wconf 86' lang='lat' dir='ltr'>sich</span> <span class='ocrx_word' id='word_1_386' title='bbox 505 3691 664 3745; x_wconf 83' lang='lat' dir='ltr'>fortreisson.</span> <span class='ocrx_word' id='word_1_387' title='bbox 719 3695 777 3758; x_wconf 85' lang='lat' dir='ltr'>bar,</span> <span class='ocrx_word' id='word_1_388' title='bbox 796 3697 846 3745; x_wconf 88' lang='lat' dir='ltr'>und</span> <span class='ocrx_word' id='word_1_389' title='bbox 863 3702 928 3747; x_wconf 83' lang='lat' dir='ltr'>stete</span> <span class='ocrx_word' id='word_1_390' title='bbox 945 3695 1007 3745; x_wconf 86' lang='lat' dir='ltr'>auch</span> <span class='ocrx_word' id='word_1_391' title='bbox 1020 3694 1066 3742; x_wconf 86' lang='lat' dir='ltr'>der</span> <span class='ocrx_word' id='word_1_392' title='bbox 1078 3693 1223 3757; x_wconf 78' lang='lat' dir='ltr'>Gegensatz</span> 
     </span>
     <span class='ocr_line' id='line_1_42' title="bbox 162 3760 1223 3826; baseline -0.002 -14"><span class='ocrx_word' id='word_1_393' title='bbox 162 3776 292 3825; x_wconf 81' lang='lat' dir='ltr'>revocare,</span> <span class='ocrx_word' id='word_1_394' title='bbox 305 3777 337 3810; x_wconf 86' lang='lat' dir='ltr'>zu</span> <span class='ocrx_word' id='word_1_395' title='bbox 350 3760 395 3809; x_wconf 87' lang='lat' dir='ltr'>der</span> <span class='ocrx_word' id='word_1_396' title='bbox 407 3760 528 3824; x_wconf 76' lang='lat' dir='ltr'>richtigen</span> <span class='ocrx_word' id='word_1_397' title='bbox 541 3760 608 3810; x_wconf 89' lang='lat' dir='ltr'>Bahn</span> <span class='ocrx_word' id='word_1_398' title='bbox 621 3778 666 3811; x_wconf 87' lang='lat' dir='ltr'>zu·</span> <span class='ocrx_word' id='word_1_399' title='bbox 719 3764 745 3812; x_wconf 88' lang='lat' dir='ltr'>in</span> <span class='ocrx_word' id='word_1_400' title='bbox 753 3765 846 3812; x_wconf 80' lang='lat' dir='ltr'>andree·</span> <span class='ocrx_word' id='word_1_401' title='bbox 856 3763 997 3824; x_wconf 79' lang='lat' dir='ltr'>Boziehung</span> <span class='ocrx_word' id='word_1_402' title='bbox 1008 3762 1047 3824; x_wconf 84' lang='lat' dir='ltr'>du,</span> <span class='ocrx_word' id='word_1_403' title='bbox 1057 3763 1108 3825; x_wconf 80' lang='lat' dir='ltr'>vgl.</span> <span class='ocrx_word' id='word_1_404' title='bbox 1119 3761 1173 3826; x_wconf 57' lang='grc' dir='ltr'>ις.</span> <span class='ocrx_word' id='word_1_405' title='bbox 1183 3762 1223 3811; x_wconf 82' lang='grc'>17.</span> 
     </span>
     <span class='ocr_line' id='line_1_43' title="bbox 162 3828 1224 3896; baseline -0.002 -17"><span class='ocrx_word' id='word_1_406' title='bbox 162 3828 309 3879; x_wconf 83' lang='lat' dir='ltr'>riickrufen.</span> <span class='ocrx_word' id='word_1_407' title='bbox 753 3830 822 3896; x_wconf 82' lang='lat' dir='ltr'>quod</span> <span class='ocrx_word' id='word_1_408' title='bbox 845 3829 930 3894; x_wconf 80' lang='lat' dir='ltr'>adest,</span> <span class='ocrx_word' id='word_1_409' title='bbox 960 3829 1075 3895; x_wconf 80' lang='lat' dir='ltr'>quodque</span> <span class='ocrx_word' id='word_1_410' title='bbox 1098 3845 1224 3896; x_wconf 80' lang='lat' dir='ltr'>praesens</span> 
     </span>
     <span class='ocr_line' id='line_1_44' title="bbox 115 3896 1224 3966; baseline -0.001 -20"><span class='ocrx_word' id='word_1_411' title='bbox 115 3950 120 3961; x_wconf 29' lang='lat'>⁸</span> <span class='ocrx_word' id='word_1_412' title='bbox 198 3897 237 3946; x_wconf 84' lang='lat'>10.</span> <span class='ocrx_word' id='word_1_413' title='bbox 256 3900 407 3962; x_wconf 74' lang='lat' dir='ltr'>afferatque,</span> <span class='ocrx_word' id='word_1_414' title='bbox 417 3912 452 3947; x_wconf 81' lang='lat' dir='ltr'>ec.</span> <span class='ocrx_word' id='word_1_415' title='bbox 462 3897 498 3948; x_wconf 85' lang='lat' dir='ltr'>ad</span> <span class='ocrx_word' id='word_1_416' title='bbox 506 3897 667 3951; x_wconf 76' lang='lat' dir='ltr'>deliberatio·</span> <span class='ocrx_word' id='word_1_417' title='bbox 719 3903 772 3949; x_wconf 82' lang='lat' dir='ltr'>oet:</span> <span class='ocrx_word' id='word_1_418' title='bbox 794 3913 918 3966; x_wconf 76' lang='lat' dir='ltr'>praesens</span> <span class='ocrx_word' id='word_1_419' title='bbox 930 3898 1000 3947; x_wconf 85' lang='lat' dir='ltr'>dieat</span> <span class='ocrx_word' id='word_1_420' title='bbox 1012 3899 1060 3946; x_wconf 88' lang='lat' dir='ltr'>den</span> <span class='ocrx_word' id='word_1_421' title='bbox 1071 3896 1171 3960; x_wconf 71' lang='lat' dir='ltr'>vBegriii</span> <span class='ocrx_word' id='word_1_422' title='bbox 1179 3897 1224 3945; x_wconf 88' lang='lat' dir='ltr'>des</span> 
     </span>
     <span class='ocr_line' id='line_1_45' title="bbox 122 3960 1226 4029; baseline -0.007 -9"><span class='ocrx_word' id='word_1_423' title='bbox 122 3960 127 3975; x_wconf 71' lang='lat'>⁴</span> <span class='ocrx_word' id='word_1_424' title='bbox 162 3980 228 4014; x_wconf 78' lang='lat' dir='ltr'>amn.</span> <span class='ocrx_word' id='word_1_425' title='bbox 533 4010 539 4017; x_wconf 81' lang='grc'>.</span> <span class='ocrx_word' id='word_1_426' title='bbox 721 3966 932 4029; x_wconf 77' lang='lat' dir='ltr'>Gegenwiirtigen</span> <span class='ocrx_word' id='word_1_427' title='bbox 961 3967 986 4014; x_wconf 90' lang='lat' dir='ltr'>in</span> <span class='ocrx_word' id='word_1_428' title='bbox 1024 3965 1146 4014; x_wconf 77' lang='lat' dir='ltr'>iirtlicher</span> <span class='ocrx_word' id='word_1_429' title='bbox 1174 3964 1226 4012; x_wconf 89' lang='lat' dir='ltr'>und</span> 
     </span>
     <span class='ocr_line' id='line_1_46' title="bbox 217 4044 1024 4097; baseline 0.014 -11"><span class='ocrx_word' id='word_1_430' title='bbox 217 4044 366 4091; x_wconf 73' lang='lat' dir='ltr'>eieueosue.</span> <span class='ocrx_word' id='word_1_431' title='bbox 1009 4046 1024 4097; x_wconf 85' lang='lat'><strong>3</strong></span> 
     </span>
    </p>
   </div>
   <div class='ocr_carea' id='block_1_4' title="bbox 0 0 1408 4502">
    <p class='ocr_par' dir='ltr' id='par_1_10' title="bbox 0 0 1408 4502">
     <span class='ocr_line' id='line_1_47' title="bbox 0 0 1408 4502; baseline 0 0"><span class='ocrx_word' id='word_1_432' title='bbox 0 0 1408 4502; x_wconf 95' lang='lat' dir='ltr'> </span> 
     </span>
    </p>
   </div>
  </div>
 </body>
</html>
