2776 4502
67 334 82 359 .
143 295 200 379 '72
326 324 359 360 e
593 312 637 363 nn
656 315 794 367 ornicns

23 402 215 533 QW‘ffiss
227 362 365 531 61161111.
391 468 455 530 Hoc
465 467 532 536 loco
545 470 712 530 continetur
725 468 764 542 id,
777 468 857 549 quod
870 468 926 530 dici
937 468 1039 531 Latine
1054 470 1224 534 decorum

158 563 272 637 potest:
290 554 398 616 Graece
413 553 492 614 enim
508 548 638 636 πρέπον
654 554 769 616 dicitur.
794 552 889 615 Huius
900 555 944 616 vis
959 573 992 614 ea
1003 563 1057 629 est,
1072 563 1106 617 ut
1119 557 1155 618 ah
1166 558 1224 619 ho·

105 656 139 707 94
159 649 245 702 nesto
260 658 322 702 non
337 646 423 719 queat
443 638 581 718 separari.
611 639 687 701 Nam
707 647 736 700 et
750 639 830 719 quod
854 638 936 700 decet
949 638 1110 702 honestum
1130 649 1177 701 cst
1196 648 1225 703 et

158 725 238 806 quod
253 727 413 787 honestum
428 733 473 785 est
487 724 579 785 decet.
591 722 706 798 'Qualis
718 735 817 786 autem
833 723 994 786 differentia
1009 725 1047 786 sit
1061 726 1179 787 honesti
1195 734 1224 788 et

158 811 260 872 decori
271 810 382 872 facilius
395 808 520 888 intellegi
531 827 619 889 quam
633 809 780 889 explanari
793 817 901 890 potest.
928 809 1077 890 Quidquid
1089 818 1134 871 est
1145 811 1223 873 enim

159 896 238 976 quod
254 897 365 968 deceat,
385 894 414 955 id
433 902 498 955 tuni
513 902 648 975 apparet,
669 913 737 956 cum
749 901 918 973 antegressa
930 903 975 956 est
985 896 1137 957 honestas.
1164 896 1223 958 lta·

147 1001 216 1061 ¹que
230 999 293 1041 non
312 980 409 1041 solnm
428 980 459 1040 in
472 979 529 1041 hac
542 986 625 1058 parte
639 979 818 1053 honestatis,
839 979 875 1040 de
890 998 947 1059 qua
967 981 1026 1041 hoc
1044 981 1111 1041 loco
1127 980 1223 1043 disse-

158 1066 284 1127 rendum
298 1074 352 1138 est,
370 1064 421 1126 sed
437 1065 523 1125 etiarn
538 1063 569 1124 in
580 1064 674 1126 trihus
687 1063 888 1144 superioribus
899 1064 969 1145 qnid
981 1064 1082 1133 deceat
1093 1074 1222 1145 apparot.

159 1151 233 1211 Nam
249 1159 277 1212 et
292 1150 405 1212 ratione
419 1150 462 1210 uti
477 1156 564 1228 atque
584 1150 717 1211 oratione
736 1150 897 1229 prudenter
911 1158 940 1210 et
960 1168 1043 1229 agere
1058 1151 1137 1229 quod
1153 1169 1222 1230 agas

158 1236 344 1298 considerate
366 1234 506 1313 omnique
525 1233 556 1295 in
576 1253 607 1295 re
631 1235 702 1314 quid
722 1235 761 1296 sit
779 1235 838 1295 veri
858 1234 955 1296 videre
978 1244 1007 1296 et
1029 1235 1105 1296 tueri
1130 1234 1221 1308 decet,

159 1328 320 1400 contraque
335 1320 406 1394 falli,
423 1337 532 1394 errare,
546 1319 617 1394 lahi,
636 1319 731 1399 decipi
746 1328 806 1381 tam
823 1318 942 1380 dedocet
956 1338 1044 1399 quam
1059 1320 1180 1382 delirare
1195 1328 1224 1381 et

159 1414 258 1467 mente
272 1425 338 1467 esse
354 1412 488 1486 captum,
506 1411 540 1481 vet
553 1404 631 1466 iusta
646 1405 746 1466 omnia
765 1405 870 1467 decora
886 1413 968 1479 sunt,
988 1405 1097 1467 iniusta
1113 1414 1223 1480 contra,

157 1500 191 1551 ut
206 1493 312 1569 trnpia,
327 1491 371 1551 sio
381 1490 526 1550 indecora.
555 1489 665 1550 Similis
678 1498 723 1550 est
733 1490 808 1550 ratio
825 1489 1015 1551 fortitudinis.
1041 1490 1128 1563 Quod
1143 1490 1223 1551 enim

158 1575 275 1637 viriliter
289 1576 447 1655 animoque
462 1591 570 1653 magno
586 1575 627 1646 fit,
644 1574 674 1634 id
690 1574 888 1654 dignum‘viro
901 1583 930 1636 et
942 1576 1084 1637 decorum
1094 1575 1223 1637 videtur:

104 1674 136 1725 95
158 1660 238 1740 quod
254 1668 363 1733 contra,
378 1660 409 1720 id
423 1668 456 1721 ut
471 1666 557 1738 turpe
573 1659 616 1721 sic
629 1659 810 1725 indecorum.
828 1660 902 1733 ‚Qua
916 1680 949 1721 re
963 1660 1089 1740 pertinet
1104 1660 1222 1740 quidem

157 1746 193 1806 ad
209 1763 328 1807 omnem
343 1746 530 1806 honestatem
543 1744 616 1818 hoc,
633 1745 712 1824 quod
728 1745 809 1817 dico,
830 1744 971 1805 decorum
988 1754 1016 1806 et
1030 1745 1069 1806 ita
1084 1745 1220 1824 pertinet,

156 1839 265 1891 utnon
280 1830 430 1891 recondita
445 1829 570 1909 quadam
590 1830 704 1891 ratione
725 1837 873 1902 cernatur,
895 1829 947 1890 sed
968 1829 1007 1889 sit
1025 1829 1056 1888 in
1070 1835 1221 1909 promptu.

155 1915 210 1976 Est
224 1914 304 1975 enim
319 1914 470 1994 quiddam,
490 1914 577 1994 idque
593 1912 769 1993 intellegitur
789 1915 820 1974 in
836 1913 918 1974 omni
932 1913 1051 1987 virtute,
1071 1913 1152 1992 quod
1167 1913 1220 1974 de-

157 2008 233 2062 ccat:
253 1999 333 2080 quod
354 2000 530 2079 cogitatione
551 2001 644 2078 magis
660 2018 677 2060 a
691 1999 797 2061 virtute
817 2006 916 2078 potest
931 2017 1019 2077 quam
1033 2016 1065 2059 re
1081 1999 1221 2077 separari.

156 2085 195 2146 Ut
209 2093 346 2146 venustas
362 2093 391 2146 et
409 2084 576 2164 pulcritudo
597 2084 732 2163 corporis
753 2083 865 2145 secerni
886 2101 949 2144 non
967 2091 1066 2162 potest
1080 2102 1096 2143 a
1110 2084 1221 2145 valetu-

156 2169 239 2242 dine,
262 2169 388 2242 sithoc,
408 2169 518 2248 dequo
538 2169 702 2249 loquimur,
723 2169 881 2242 decorum,
901 2175 997 2230 totum
1016 2167 1086 2230 illud
1102 2168 1221 2248 quidem

156 2262 201 2315 est
216 2273 283 2315 cum
298 2255 404 2316 virtute
419 2255 589 2326 confusum,
605 2255 657 2314 sed
672 2262 770 2315 mente
786 2261 814 2314 et
829 2253 1007 2332 cogitatione
1022 2252 1219 2332 distinguitur.

102 2353 136 2404 96
156 2339 210 2400 Est
228 2349 325 2402 autem
352 2340 415 2401 eins
441 2338 598 2417 descriptio
620 2338 738 2418 duplex.
770 2338 845 2401 Nam
864 2346 893 2399 et
917 2339 1048 2417 generale
1073 2338 1221 2417 quoddam

134 2424 140 2433 ’
155 2424 294 2486 decorum
310 2424 521 2504 intellegimus,
536 2423 616 2502 quod
631 2422 661 2484 in
677 2423 758 2485 omni
772 2425 926 2484 honestate
939 2431 1085 2495 versatur,
1101 2432 1130 2483 et
1143 2422 1220 2484 aliud

154 2510 223 2572 hnic
238 2509 412 2583 subiectum,
428 2509 507 2590 quod
522 2509 649 2590 pertinet
662 2508 698 2570 ad
714 2507 842 2588 singulas
857 2516 956 2588 partes
966 2507 1141 2569 honestatis.
1166 2508 1221 2568 At·
1271 2548 1276 2549 ff

142 2597 209 2674 'que
223 2595 294 2658 illud
309 2595 445 2676 superius
461 2594 503 2655 sic
518 2595 578 2655 lere
591 2593 705 2655 deliniri
726 2594 811 2668 solet,
831 2593 987 2667 ,decorum
1002 2593 1032 2654 id
1047 2611 1124 2667 esse,
1141 2593 1223 2672 quod

188 2747 230 2796 94.
255 2746 375 2811 maedegg
388 2746 496 2809 gedacht
507 2720 619 2809 werdon,
632 2745 658 2812 §-
712 2732 793 2797 etwas
805 2745 979 2806 Bestimmtes3
997 2746 1028 2796 da
1040 2744 1083 2795 lin.
1096 2743 1136 2810 Ill,
1151 2747 1174 2810 7,
1187 2743 1220 2795 23

155 2814 203 2866 126
215 2813 330 2880 dqy'ficthsst
341 2814 377 2865 ad
386 2812 551 2879 eloquendam
560 2812 607 2863 aad
616 2829 660 2864 ea-
712 2818 743 2865 at
757 2814 871 2864 mandra
886 2815 960 2865 nodia
974 2816 1013 2864 ita
1028 2812 1090 2864 data
1105 2816 1174 2878 sarit,
1190 2817 1225 2864 at

136 2886 187 2953 ,aa
204 2885 256 2934 citt
269 2881 390 2947 intellegi.
411 2881 481 2931 Brut.
493 2879 516 2946 6,
529 2879 561 2929 23
575 2880 660 2931 dicare
712 2881 748 2932 ad
757 2881 895 2947 qamndam
911 2884 1039 2933 rationem
1050 2881 1150 2932 totondi
1159 2881 1221 2932 data

153 2954 215 3002 dana
225 2966 300 3001 necno
309 2953 397 3068 §otest
407 2951 462 2999 atet
470 2947 660 3017 qutprodaater
713 2966 771 3000 oeae
786 2953 920 3017 appareat.
945 2951 975 3001 de
993 2956 1057 3000 orat.
1074 2947 1115 3014 lll,
1134 2949 1174 3014 10,
1187 2949 1219 2998 37

151 3017 285 3084 intellegit.
333 3019 373 3069 ine
390 3017 527 3068 Definition
541 3033 591 3067 von
604 3017 659 3066 dem
713 3018 887 3084 ergoltaaoat
896 3018 1107 3083 agaadaaaattad
1118 3021 1221 3069 oratore

152 3088 274 3139 decorum
289 3087 322 3137 im
338 3085 523 3150 Allgomainen,
541 3086 565 3136 d.
577 3086 601 3134 h.
614 3085 660 3134 der
713 3091 739 3136 et
750 3085 857 3136 dicenda
869 3085 979 3152 quodam
989 3085 1073 3136 modo.

151 3171 183 3206 an
212 3157 258 3206 der
285 3155 390 3220 Tugend
418 3170 463 3204 zur
486 3153 660 3216 Erschcinung
747 3164 953 3232 ,mamm
977 3166 1016 3215 10¹

151 3222 316 3273 hommenden
340 3222 463 3272 Masshcit
488 3222 537 3271 und
565 3221 660 3270 811111-
747 3250 898 3319 descriptio:
910 3204 930 3300 δ’.
944 3203 967 3300 Z'
981 3250 1006 3316 ξ.
1020 3249 1062 3300 21.

151 3291 212 3353 hcit,
225 3289 289 3339 wird
301 3290 370 3339 nicht
381 3290 501 3352 gegeben.
522 3288 580 3339 Man
590 3304 659 3339 muss
803 3339 808 3350 ‚
899 3338 905 3349 ,
1064 3337 1069 3348 Ι
1175 3336 1180 3347 ι

152 3359 189 3408 sie
202 3357 254 3406 sich
266 3373 312 3407 aus
324 3358 372 3406 den
381 3356 492 3407 Worten
505 3356 626 3422 quidquid
633 3356 661 3407 id
746 3335 788 3386 95·
796 3353 824 3385 ²⁷³
834 3351 903 3387 mm
913 3336 1053 3402 60601ΐαῖ81
1062 3336 1218 3386 1111113111·

151 3430 192 3478 m
202 3425 272 3492 quod
282 3425 370 3476 deceat
381 3453 414 3461 ,,
427 3426 547 3474 honesta,
560 3424 609 3473 ,md
620 3425 659 3475 ,qa
710 3404 793 3455 lichen
806 3403 838 3453 im
847 3403 1036 3467 Allgemeinen3
1049 3404 1103 3454 also
1117 3404 1185 3453 nieht
1193 3404 1219 3452 in

148 3498 272 3563 perp-net,
289 3499 320 3545 up
333 3508 384 3543 noa
401 3492 532 3543 recondita
547 3491 658 3558 quadam
707 3471 784 3536 jeder
796 3471 845 3522 hrt
857 3472 901 3522 des
914 3464 1055 3535 sinteinan,
1068 3488 1089 3521 s.
1102 3488 1125 3520 z.
1138 3471 1161 3533 ξ.
1176 3469 1216 3520 ll.

150 3566 251 3614 ratione
259 3565 388 3625 amator,
401 3561 493 3612 sedeat
500 3563 527 3610 ta
534 3563 658 3628 prompta
745 3557 867 3609 decoram
881 3557 909 3607 id
924 3573 986 3606 esse.
1016 3554 1133 3609 Disselhe
1148 3552 1218 3604 Deli-

151 3629 395 3681 zusammanstellcn.
596 3650 600 3659 ¹
639 3657 645 3662 -
711 3625 789 3676 nition
802 3632 874 3691 passt
885 3626 947 3675 nach
960 3640 981 3673 c.
995 3622 1011 3671 4
1023 3623 1053 3672 de
1067 3622 1108 3672 lin.
1119 3621 1151 3672 lll
1165 3638 1187 3672 c.
1201 3621 1217 3671 6

185 3697 227 3746 95.
243 3697 476 3765 partinetqaoilam.
497 3695 658 3759 1111111511-
712 3691 1121 3757 (13111111.)11111111111111111.
1139 3689 1219 3741 Esist

152 3773 215 3832 sata,
225 3766 273 3815 den
282 3766 383 3831 pddmn
391 3765 535 3829 ankiindigt
545 3765 658 3828 liogtmit
710 3762 765 3811 also
778 3762 848 3811 darin
861 3762 907 3812 der
915 3758 1081 3811 Unterschied
1091 3758 1218 3808 zwischen

151 3834 223 3883 einer
234 3833 403 3883 Analoluthic
415 3835 460 3883 der
471 3832 540 3884 Rede
552 3833 577 3882 in
591 3831 659 3898 qaod
711 3830 766 3879 dem
783 3829 915 3880 Sittlichcn
934 3842 965 3876 an
983 3827 1036 3876 sich
1048 3827 1099 3877 und
1110 3827 1157 3877 dor
1169 3825 1218 3875 ihm

151 3903 308 3964 cogitatione
318 3904 404 3965 magas
416 3906 463 3951 cet.
711 3896 935 3961 cigenthiimlichcn
956 3894 1142 3961 Erschainung,
1163 3895 1218 3944 dem

185 3967 306 4032 quiddam
312 3967 548 4019 istmitNachdruclr
554 3975 656 4032 gesagt:
711 3964 839 4032 decorata,
850 3980 941 4016 ausser
952 3963 1016 4015 heht
1027 3963 1153 4028 gelasscn.
