2776 4502
172 330 212 394 cg
460 292 464 299 ¹
603 326 647 378 nn
666 326 805 378 osricus

171 484 297 563 aliquam
312 489 446 560 tuentur,
466 481 592 560 reliquas
609 481 766 543 deserant!
797 481 835 543 Ut
849 479 928 541 enim
943 481 1045 554 tutela,
1066 479 1110 541 sio
1123 497 1235 560 procu-

171 569 246 630 ratio
261 567 303 628 rei
318 566 451 646 publicae
471 568 509 629 ad
530 585 634 627 corum
647 566 814 638 utilitatem,
835 566 886 645 qui
900 565 1054 650 commissi
1068 575 1153 639 sunt,
1174 583 1236 626 non
1262 554 1283 640 ζ

171 654 209 715 ad
223 671 339 726 eorum,
361 651 467 730 quibus
488 651 648 712 commissa
667 661 722 722 cst,
742 651 870 730 gerenda
888 648 1030 724 est‘Qui
1046 658 1144 712 autem
1159 650 1236 730 parti

112 766 117 770 ·
171 738 278 799 civium
298 737 470 811 consulunt,
494 744 608 817 partem
627 737 798 815 neglegunt,
818 754 882 796 rem
901 735 1185 814 perniciosissimam
1204 735 1235 796 in

172 822 317 885 civitatem
331 822 488 894 inducunt,
508 821 683 883 seditionem
694 828 784 900 atque
804 819 996 882 discordiam:
1018 840 1053 881 cx
1068 839 1126 900 quo
1141 819 1245 907 muli,

171 907 267 985 utalii
281 907 453 986 populares,
474 907 521 967 alii
536 906 662 967 studiosi
683 906 786 986 optimi
806 905 1130 984 cuiusquerideantur,
1148 903 1235 984 pauci

119 982 388 1053 sd'universorum.
415 988 492 1052 Hinc
506 992 584 1071 apud
599 991 791 1053 Athenienses
807 1009 929 1069 magnae
943 990 1115 1064 discordiae,
1130 990 1162 1050 in
1176 1009 1234 1051 no·
1333 1052 1338 1059 ,

172 1085 279 1138 strare
297 1076 413 1156 publica
431 1094 494 1137 non
514 1077 611 1137 solum
622 1076 804 1148 seditionem
827 1077 880 1136 sed
898 1075 987 1151 etiam
1005 1075 1141 1155 pestilera
1159 1075 1234 1136 bella

172 1161 279 1222 civilia:
300 1179 375 1241 quae
389 1161 483 1239 gravis
500 1168 529 1222 et
543 1161 629 1222 fortis
651 1162 720 1222 ciris
735 1170 764 1222 et
778 1161 809 1222 in
824 1160 984 1240 republica
1000 1160 1107 1238 dignus
1121 1158 1233 1238 prinoi-

172 1253 244 1327 patu
263 1246 352 1324 lugiet
372 1254 457 1324 atque
478 1246 573 1307 oderit
586 1247 740 1325 tradetque
756 1264 789 1306 se
807 1252 904 1307 totum
923 1244 965 1311 rei
984 1244 1120 1323 publicae
1139 1260 1234 1324 noque

172 1349 245 1409 opes
260 1337 310 1391 aut
324 1330 487 1409 potentiam
503 1331 720 1392 consectabitur
740 1338 890 1410 totamque
905 1349 968 1392 cam
983 1329 1026 1390 sic
1040 1329 1182 1403 tuebitur,
1199 1335 1234 1390 ut

173 1415 311 1476 omnibus
332 1415 473 1476 consulat.
503 1416 563 1478 Nec
577 1436 646 1477 vero
668 1416 840 1478 criminibus
855 1415 935 1476 lalsis
954 1415 986 1475 in
1000 1414 1101 1475 odium
1121 1413 1232 1475 autin·
1324 1464 1328 1469 .

172 1500 278 1560 vidiam
294 1518 472 1579 quemquam
486 1501 814 1579 vocabigfflmninoque
834 1500 873 1562 ita
892 1498 1017 1568 iustitiae
1031 1498 1234 1578 honestatique
1293 1546 1308 1574 ,-

171 1584 373 1657 adhaerescct,
397 1591 443 1658 ut,
470 1585 595 1647 dumea
620 1594 785 1658 conservet,
811 1585 943 1664 quamvis
963 1584 1087 1663 graviter
1106 1584 1234 1647 offendat
1266 1658 1273 1664 ι

173 1677 356 1748 mortemque
371 1676 491 1748 oppetat
504 1671 604 1749 potius
619 1690 708 1751 mam
723 1673 841 1733 deserat
854 1670 914 1744 illa,
929 1689 1003 1749 quae
1017 1670 1084 1730 dixi.
1146 1747 1147 1750 Ἴ

6 1802 7 1835 ,
27 1806 32 1815 .
119 1764 151 1815 87
258 1754 420 1815 Miserrima
435 1756 558 1817 omnino
578 1764 624 1819 est
643 1757 764 1819 ambitio
784 1757 991 1833 honorumque
1012 1753 1176 1826 contentio,
1198 1754 1234 1813 de

30 1857 81 1913 a„
95 1854 109 1911 2
121 1839 230 1947 Jpqqua
244 1840 394 1917 praeclare
408 1840 486 1920 apud
501 1843 637 1902 eumdem
658 1850 702 1903 est
716 1841 880 1912 Platonem,
902 1838 1048 1912 ,similiter
1063 1841 1157 1899 facere
1171 1855 1233 1910 ecs,

6 1938 7 1947 λ
58 1914 117 1978 “
171 1921 1235 2089 tillimtrittittretrtillemontium

173 2112 229 2172 que
243 2093 401 2173 praecipit,
417 2102 449 2155 ut
463 2115 525 2168 ,eos
541 2086 724 2159 adversarios
739 2093 954 2164 existimemus,
970 2092 1020 2171 qui
1035 2110 1115 2152 arma
1131 2098 1234 2153 ocntra

172 2180 276 2251 lerant,
291 2197 353 2239 non
367 2198 429 2251 eos,
446 2179 495 2259 qui
512 2200 567 2241 suc
583 2179 690 2241 iudicio
703 2178 777 2240 tueri
788 2197 851 2238 rem
862 2177 1009 2255 publicam
1020 2176 1126 2251 velint,‘
1141 2175 1233 2256 qualis

172 2263 227 2324 tuit
241 2263 317 2324 inter
330 2264 363 2324 P.
379 2264 548 2326 Africanum
563 2273 591 2326 ct
606 2266 643 2338 Q.
659 2263 805 2325 Metellum
820 2262 884 2323 sine
903 2261 1057 2323 acerbitate
1074 2261 1231 2323 dissensio.

6 2416 7 2465 3
92 2440 95 2445 >
172 2413 251 2465 ἔσται
260 2410 451 2485 διαφερόντως
459 2410 603 2485 εὔδαιμον,
614 2410 671 2465 ἀλλ’
727 2413 982 2481 praesentiaiclgen3
997 2429 1017 2462 s.
1031 2411 1143 2477 z.111,<3,
1158 2411 1197 2462 13.

6 2486 7 2493 ’
173 2476 217 2533 ὅτι
227 2478 350 2553 μάλιστα
363 2476 412 2548 ὅλη
426 2479 442 2549 ἡ
455 2479 544 2540 πόλις.
761 2481 881 2549 Idemque
887 2484 1018 2551 praecipit.
1031 2479 1095 2531 Eine
1104 2495 1168 2544 ganz
1178 2487 1235 2530 cnt-

169 2567 188 2669 ·d
207 2554 299 2669 opgtrpi
313 2554 446 2618 cuiusque,
464 2553 489 2602 d.
502 2553 519 2602 i.
532 2553 579 2602 der
589 2551 674 2602 Partei
728 2548 1143 2668 dpldeehefdetiddeuedfflmvl'llch
1158 2548 1234 2665 διιὲξὴὲ

190 2627 387 2751 egem}
405 2691 537 2752 grauiter,
561 2685 585 2737 d.
598 2687 614 2737 i.
632 2686 674 2736 vel
728 2632 1110 2752 upleagcffigffisfipwrppilm
1122 2633 1233 2747 destant,

171 2753 328 2818 gravissimo.
728 2769 783 2804 wer
794 2754 836 2803 l'rir
847 2755 895 2803 den
913 2753 1083 2803 schlimmsten
1095 2752 1176 2802 Faind
1188 2753 1232 2802 das

6 2858 7 2877 ,
116 2834 118 2837 ’
207 2821 248 2871 87.
265 2837 283 2870 a
318 2820 464 2872 docendam
475 2826 527 2872 cet:
541 2821 606 2871 Plat.
620 2836 673 2901 rep.
729 2821 830 2872 Staatcs
843 2838 876 2870 zu
887 2821 972 2871 hulten
985 2821 1032 2871 sci.

6 2880 7 2893 ¹
172 2887 275 2955 le.48
297 2889 316 2937 B
332 2884 398 2944 τοὺς
407 2884 548 2945 divaricas
558 2901 675 2938 orcom—
762 2889 792 2939 P.
810 2890 963 2954 Africanus.
987 2888 1072 2939 Wenn
1090 2889 1142 2939 Cic.
1160 2887 1233 2937 keinc

174 2957 270 3016 ζοντας
291 2952 364 3027 πρὸς
385 2950 519 3022 ἀλλήλους
539 2955 605 3037 περὶ
628 2956 676 3021 τῆς
729 2957 824 3007 nilbcre
837 2957 1005 3021 Bostimmucg
1021 2956 1132 3021 beifrigt,
1156 2955 1234 3005 mcint

173 3021 676 3163 λὲλὶλλλῖξλλλῖλῗῖῗλὲἶῖλλλῗ
729 3025 1234 3157 λ’«ἷὲλιλλῖλλλλῖλῗλλίλὲἓλῖ

173 3177 243 3212 ποτε
272 3156 322 3225 τὴν
351 3162 450 3228 τέχνην
477 3156 547 3231 μήτε
576 3159 677 3228 ἔχοντα
730 3161 779 3211 licb
793 3161 872 3224 calgi,
886 3162 945 3211 dass
956 3161 1003 3211 der
1014 3161 1119 3211 Aeliano
1132 3173 1234 3209 auror-

172 3223 322 3286 ἆποδεῖξαι
332 3225 504 3281 διδάσκαλον
513 3237 560 3281 ete.
573 3245 597 3310 p.
605 3227 675 3278 4890
730 3231 820 3291 stebcn
832 3229 879 3290 ist,
893 3242 913 3278 s.
926 3227 954 3296 ll,
967 3228 1008 3292 23,
1022 3228 1063 3279 80.
1080 3250 1082 3254 ³

172 3289 241 3344 ἀλλὰ
254 3290 318 3351 τοὺς
329 3297 380 3347 νῦν
397 3292 558 3365 πρλιτικοὺς
572 3291 675 3367 ἄρχον·
766 3297 794 3360 Q.
814 3296 936 3348 Caecilius
953 3296 1070 3348 Metellus
1087 3294 1232 3347 Macedone·-

172 3378 221 3417 τας
232 3356 391 3421 ἀπεικάζων
407 3367 450 3420 οἱς
466 3358 530 3434 ἄρτι
542 3363 676 3434 ἐλέγομεν
730 3382 777 3417 etta
788 3364 883 3415 Consul
895 3363 942 3414 611
959 3365 1049 3429 (143),
1061 3364 1132 3416 Lael.
1145 3363 1186 3424 21,
1200 3362 1233 3412 78

171 3424 285 3486 ναύταις
298 3425 349 3498 οὐχ
361 3426 525 3502 ἁμαρτήσει.
727 3438 835 3502 propter
851 3433 1037 3485 dicamaioaem
1051 3449 1116 3499 quoe
1135 3431 1193 3482 criti
1205 3433 1233 3480 in

205 3498 392 3565 contmtdercnt,
405 3501 451 3549 dor
463 3499 594 3564 Conjunct.
607 3501 673 3568 imp,
728 3502 857 3571 republica
865 3501 994 3552 &meatus
1003 3500 1175 3565 octlscipiota
1183 3499 1232 3549 col·

172 3566 210 3615 als
226 3567 299 3631 ginge
318 3567 386 3617 nicht
402 3572 453 3631 ost,
476 3570 584 3619 sondorn
605 3570 676 3620 dicit
726 3569 786 3635 lega
797 3575 887 3621 nostro
900 3569 1008 3621 Metello.
1020 3594 1054 3605 —-
1065 3566 1121 3619 Vcn
1138 3567 1233 3617 seincm

172 3635 274 3684 vorlici.
287 3636 318 3685 dc
327 3641 378 3686 nat.
390 3636 459 3685 door.
469 3635 487 3699 l,
501 3636 540 3701 15,
553 3637 585 3686 40
597 3637 677 3687 idem·
729 3638 862 3688 Edelmutb
882 3645 958 3701 zeugt
975 3638 1015 3686 die
1031 3635 1176 3699 llrziiblung
1192 3634 1233 3684 boi

173 3718 221 3767 que
244 3702 362 3769 disputat
383 3705 489 3755 aethora
511 3722 569 3756 osae
591 3704 675 3769 deum,
730 3705 1021 3769 Valer.blax.lV,i‚wo
1032 3718 1060 3753 er
1069 3703 1138 3752 scine
1147 3702 1232 3753 Sdbno

173 3785 247 3833 quoin
267 3771 383 3822 lemniaco
403 3773 487 3823 locem
509 3774 675 3840 appellarent.
729 3773 867 3824 auffcrdert
884 3774 923 3823 die
935 3772 1014 3821 Babre
1029 3770 1126 3836 Scipios
1143 3778 1233 3835 tragon

172 3836 292 3900 Vgl.Cat.
298 3838 377 3903 mli,
388 3840 402 3888 7
405 3838 428 3900 8,
441 3855 482 3888 wo
491 3843 555 3890 nocb
563 3846 600 3891 sic
611 3844 676 3892 oniti
730 3858 762 3892 zu
774 3840 865 3903 helion,
879 3840 918 3890 als
930 3840 975 3889 des
987 3841 1105 3903 groseton
1118 3838 1232 3901 biennes,

170 3907 301 3970 persuasi,
314 3909 353 3955 oa'c
364 3911 445 3972 condo
455 3916 543 3959 zuerst
553 3924 674 3974 praesen·
729 3910 784 3960 dem
797 3910 834 3960 sic
846 3910 933 3959 diesen
946 3907 1036 3958 Dienst
1048 3907 1139 3958 loiston
1151 3907 1233 3958 kinn-

140 3971 145 3980 ‘
172 3971 219 4035 tia,
236 3972 300 4023 donn
318 3973 476 4041 imperfecta,
498 3978 563 4028 donn
578 3978 675 4029 wieder
729 3985 781 4030 ten.
