2776 4502
525 339 593 391 LIB.
605 339 624 391 Ι.
651 338 722 390 CAP.
735 340 777 390 41.
790 340 832 389 42.

161 513 228 556 rum
244 513 363 575 operae,
383 512 446 556 uon
466 488 593 575 quorum
614 503 690 557 artes
710 503 862 555 emuntur:
882 503 928 555 est
943 495 1021 554 enim
1042 494 1072 555 in
1087 495 1141 555 ints
1156 494 1221 574 ipsa
1245 516 1248 521 ⁴

161 599 272 642 meroes
297 588 549 644 auctoramentum
574 580 730 642 servitutis.
767 579 884 641 Sordidi
908 579 996 661 etiam
1022 581 1144 658 putandi
1171 580 1222 659 qui

160 673 330 727 mereantur
344 685 360 726 a
375 665 585 726 mercatoribus
602 667 682 745 quod
697 666 795 726 statim
810 665 952 727 vendant:
968 664 1040 727 nihii
1055 665 1134 726 euim
1148 682 1222 742 pro-

159 751 272 825 ficiant,
291 750 349 811 nisi
364 751 524 812 admodum
544 751 734 826 mentiantur,
756 770 812 812 neo
831 769 902 812 vero
918 759 962 811 est
982 750 1138 830 quiequam
1157 758 1222 810 tur-

159 836 226 915 pius
242 836 374 896 ranitate.
405 836 590 915 Opificesque
605 855 709 898 omnes
725 837 757 899 ‘m
773 836 891 898 sordida
907 844 968 898 arte
981 843 1148 907 versantur:
1168 852 1223 894 nee
1381 894 1382 907 ,

160 921 238 981 enim
253 921 407 1000 quiequam
423 922 584 999 ingenuum
599 922 707 983 habere
720 929 819 1003 potest
835 921 958 982 officina.
985 921 1160 1000 Minimeque
1175 938 1222 979 ar·
1267 979 1272 986 ,
1381 916 1382 933 ’

159 1014 204 1066 tes
219 1007 273 1067 hae
288 1006 469 1086 probandae,
485 1026 559 1087 quae
573 1007 725 1069 ministrae
741 1015 810 1069 sunt
824 1008 1020 1088 voluptatum,

246 1108 365 1185 Ueturii,
380 1109 468 1184 lauit,
486 1113 582 1190 coqui,
597 1112 741 1190 sortirer,
755 1111 933 1190 piscatores,

158 1221 191 1273 ut
209 1212 248 1273 ait
262 1212 424 1275 Terentius.
454 1213 536 1274 Adde
555 1213 627 1286 huo,
651 1212 677 1273 si
695 1213 803 1292 placet,
825 1210 1050 1290 unguentarios,
1071 1209 1221 1270 saltatores

115 1315 118 1319 ·
158 1305 311 1377 totumque
326 1297 428 1359 iudum
443 1298 587 1359 talasium.
618 1297 732 1371 Quibus
748 1306 845 1357 autem
867 1296 977 1357 artibus
999 1304 1048 1365 aut
1066 1295 1221 1375 prudentia
1244 1305 1288 1354 151

158 1383 254 1443 maior
268 1383 345 1443 inest
361 1382 486 1451 autnon
501 1382 657 1443 mediocris
673 1382 779 1443 utilitas
797 1382 956 1460 quaeritur,
971 1388 1005 1440 ut
1018 1379 1174 1451 medicina,
1189 1387 1222 1440 ut

159 1467 360 1541 architectura,
377 1476 408 1527 ut
419 1467 552 1528 doctrina
563 1486 663 1528 rerum
674 1468 874 1539 honestarum,
890 1485 942 1527 eae
954 1474 1022 1526 suut
1033 1465 1078 1538 iis,
1093 1482 1220 1544 quorum

160 1550 256 1612 ordini
267 1551 452 1625 conveniunt,
466 1553 617 1613 honestae.
638 1553 805 1614 'Mercatura
818 1561 926 1624 autem,
939 1551 965 1612 si
976 1549 1073 1611 tenuis
1085 1558 1139 1623 est,
1153 1568 1221 1610 sor-

160 1636 226 1699 dida
240 1635 369 1716 putanda
388 1646 446 1697 est:
467 1639 514 1698 sin
534 1657 640 1716 magna
655 1647 683 1698 et
698 1639 831 1717 eopiosa,
852 1637 942 1698 multa
961 1636 1092 1715 nudique
1111 1653 1221 1714 appor-

158 1729 224 1782 tans
239 1721 399 1801 multisque
413 1721 478 1782 sine
492 1722 617 1783 vanitate
632 1723 815 1801 impertiens,
830 1741 892 1782 non
908 1729 954 1781 est
968 1720 1127 1780 admodum
1144 1719 1219 1779 vitu-

158 1806 301 1885 peranda,
322 1814 408 1887 atque
423 1807 523 1881 etiarn,
539 1807 565 1866 si
586 1808 688 1869 satiata
703 1816 826 1887 quaestu
840 1808 884 1868 vel
900 1813 1037 1867 contenta
1052 1804 1166 1884 potius,
1187 1811 1221 1864 ut
1240 1854 1245 1861 .

158 1911 245 1972 saepe
261 1891 369 1952 exalto
389 1891 569 1973 iuuenum,
591 1913 626 1953 ex
645 1893 712 1971 ipso
732 1900 822 1973 portu
838 1912 870 1953 se
890 1891 921 1952 in
941 1909 1027 1969 agros
1047 1889 1219 1969 possessio-

157 1995 269 2060 nesque
290 1977 424 2051 eontulit,
449 1978 562 2038 videtur
586 1978 649 2039 iure
673 1978 787 2058 optimo
812 1997 907 2057 posse.
924 1977 1044 2038 laudari.
1079 1976 1220 2037 Omnium

158 2070 254 2122 autem
269 2080 384 2135 rerum,
407 2082 442 2123 ex
457 2063 562 2142 quibus
579 2063 685 2142 aliquid
702 2063 870 2144 aequiritur,
887 2061 959 2123 nihil
974 2071 1018 2122 est
1032 2061 1095 2140 agri
1109 2061 1221 2122 cultura

157 2147 276 2220 melius,
292 2147 365 2208 nihil
378 2147 512 2220 uberius,
528 2147 600 2208 nihii
616 2149 740 2221 dulcius,
760 2148 833 2209 nihil
847 2148 970 2208 homine
986 2148 1078 2207 libero
1095 2146 1220 2225 dignius,

158 2231 194 2291 de
210 2250 266 2310 qua
281 2232 420 2310 quoniam
439 2233 470 2292 in
491 2233 616 2306 ,Catone
629 2235 753 2294 maiore‘
777 2233 847 2294 satis
868 2233 960 2293 multa
982 2231 1123 2304 diximus,
1143 2231 1222 2291 illinc

157 2335 292 2377 assumes
307 2335 381 2395 quae
396 2317 431 2378 ad
447 2318 526 2378 huuc
539 2318 638 2378 looum
653 2319 848 2397 pertinebunt.
876 2320 933 2443 A
943 2321 1074 2461 m'dr
1089 2360 1182 2446 353-

156 2554 275 2603 wiihnten
322 2553 512 2618 floesmiteiu,
525 2553 661 2601 aberaueh
716 2553 790 2602 redet
813 2567 862 2601 nur
889 2567 938 2601 vou
961 2553 1017 2601 dem
1042 2550 1222 2602 Gelderwerbe

156 2636 179 2670 z.
192 2621 220 2669 Β.
233 2619 273 2668 die
305 2618 427 2682 chreiben
439 2621 546 2669 soritae.
717 2620 795 2669 durch
806 2619 876 2669 diese
888 2617 993 2683 Kinna,
1007 2620 1053 2669 der
1065 2619 1111 2668 der
1122 2617 1222 2670 Wiirde

189 2691 235 2754 qui
243 2689 394 2737 mereamor
404 2691 451 2737 eet.
472 2687 604 2755 propolae,
615 2680 664 2737 xoi-
717 2688 763 2737 der
775 2687 913 2737 Senatores
930 2687 980 2738 und
996 2685 1080 2738 Ritter
1091 2687 1159 2737 nieht
1174 2703 1221 2737 au-

154 2757 252 2822 πηλοι,
274 2756 306 2804 im
319 2751 464 2818 Gegensatz
480 2758 664 2821 nogotiatores,
716 2770 847 2819 gemessen
861 2769 926 2815 war3
948 2754 988 2804 die
1000 2752 1140 2805 Kenntniss
1151 2757 1221 2806 hatte

153 2823 349 2876 Grosshiiudlor.
715 2823 778 2873 auch
790 2821 832 2872 iiio
846 2823 883 2873 sie
902 2823 983 2872 uiohts
994 2823 1173 2887 Austiissiges3
1199 2825 1234 2873 s.'

185 2895 314 2944 ammte:
326 2889 366 2952 ΠΙ,
381 2890 421 2954 14,
435 2889 477 2940 53.
714 2890 739 2956 ξ.
756 2891 796 2940 19.

190 2959 338 3012 Terentius:
362 2958 474 3010 Euuuoh.
484 2957 514 3023 n,
527 2959 551 3024 2,
566 2960 590 3009 6.
613 2962 615 2967 ’
742 2959 938 3010 nonadmodum
943 2959 1120 3077 vitufermrda.
1130 2958 1223 3011 Dieser

188 3031 320 3094 totumque
330 3025 420 3077 ludum
431 3027 562 3093 talantum,
578 3027 659 3091 Alias,
714 3027 849 3076 Ausdruok
860 3027 895 3076 ist
906 3028 994 3090 gewtih
1007 3034 1029 3091 t,
1041 3026 1101 3076 weil
1114 3027 1161 3076 deu
1174 3026 1220 3076 Se-

152 3111 206 3146 was
218 3111 275 3152 zum
288 3094 455 3161 Wdrielspiel
467 3097 564 3160 gendrt.
584 3094 660 3147 Niont
714 3101 819 3146 natoreu
836 3096 898 3143 auctr
911 3095 957 3144 der
969 3093 1141 3144 Grosshaudel
1153 3094 1222 3144 nieht

152 3164 208 3214 blos
232 3165 279 3214 dar
298 3163 452 3216 Baukisultor
473 3178 528 3214 war
546 3178 660 3231 persono
713 3162 821 3212 austand
840 3163 892 3211 und
914 3176 990 3225 sogar
1006 3161 1145 3225 gesetzlioh
1161 3177 1220 3213 ver-

151 3234 270 3298 attfomis,
297 3231 405 3281 souderu
427 3233 504 3281 sehon
524 3232 550 3280 in
572 3230 659 3281 iriilrer
713 3232 789 3281 boten
801 3244 865 3279 war.
889 3229 943 3278 Liv.
956 3228 1067 3293 xxtoa
1079 3232 1168 3294 nequas
1180 3247 1220 3280 ae·

152 3298 211 3349 Zeit
226 3314 280 3349 war·
292 3298 366 3361 jedes
382 3297 547 3364 Hazardspiel
564 3299 657 3350 verbo·
712 3304 797 3363 nator,
810 3284 1222 3373 eadtffiffffli'patmfuisset

152 3374 209 3428 ten3
233 3365 314 3416 Plaut.
326 3365 378 3415 mil.
391 3366 424 3428 gi.
437 3364 465 3427 ΙΙ,
476 3365 500 3427 2,
513 3365 529 3415 9
541 3371 617 3434 atqua
629 3383 657 3417 o·
711 3370 869 3419 montinum
880 3381 982 3432 natum,
996 3382 1060 3432 quoa
1071 3367 1130 3434 plus
1142 3383 1219 3432 quom

150 3435 198 3487 deo
207 3438 277 3485 utne
286 3433 661 3499 legifrmtdamsootuntotoas
713 3441 886 3488 nemmem
893 3436 1080 3502 amphorarum
1091 3439 1166 3499 esset,
1175 3436 1220 3483 Ιια-

66 3500 72 3507 ’
150 3508 213 3565 nae,
226 3505 385 3553 Aomrratote
400 3506 431 3551 ut
443 3505 498 3551 stite
513 3502 573 3552 tatis
589 3503 660 3555 domi
713 3508 791 3556 derat.

150 3575 251 3638 agitem
270 3572 421 3622 constatura
458 3570 526 3620 Doeh
547 3571 582 3620 ist
602 3572 656 3622 dies
746 3576 843 3624 satiato
858 3571 920 3621 wird
937 3572 1013 3622 durch
1032 3573 1219 3620 contentarer-

152 3639 246 3691 Gasetz
259 3641 328 3689 nieht
336 3639 477 3689 immeruit
486 3638 593 3702 Strenge
602 3639 657 3690 aui·
711 3643 819 3704 bessert,
831 3640 889 3689 weil
902 3655 930 3689 es
943 3641 991 3689 den
1001 3638 1107 3688 Erwerb
1119 3654 1151 3686 zu
1160 3639 1220 3688 sehr

151 3710 222 3758 reeht
233 3708 359 3772 gahaiten.
711 3710 751 3761 ais
763 3708 884 3772 Begierde
895 3708 1043 3757 orseheinen
1055 3706 1127 3756 laissi.

183 3777 323 3844 prudentio
338 3777 372 3826 ist
388 3792 437 3825 nur
447 3776 591 3841 praitisohe
605 3776 655 3827 Er·
746 3776 922 3844 agrdeoitura:
939 3775 979 3824 die
991 3775 1090 3838 einzige
1103 3774 1165 3824 auch
1177 3773 1220 3821 iiir

150 3843 262 3909 iahrung‚
276 3846 343 3894 nieht
354 3843 595 3895 wissenschaitliohe
609 3844 657 3894 Be·
712 3848 753 3897 die
767 3846 905 3895 Senataron
923 3843 1068 3893 ehrenvolle
1084 3840 1218 3892 Erwerbs-

150 3911 396 3978 haudlung;§.156.
713 3913 806 3980 quelle.

185 3995 294 4045 quomm
311 3980 396 4041 ordeni
411 3985 569 4032 oontem'amt.
603 3981 653 4032 Cio.
746 3986 774 4032 in
787 3981 882 4033 Catone
892 3982 1002 4030 maiore:
1017 3979 1056 4041 15,
1068 3978 1133 4028 51ff.

981 4062 1015 4113 7ss
