2772 4504
50 94 73 173 (a
97 42 468 121 balluarum
491 45 584 119 letto
623 138 626 142 Δ
709 39 712 45 ”

527 287 641 342 narn.
667 293 812 361 crece.
1058 338 1060 343 s
1139 296 1200 357 trs

145 447 270 510 rentium
285 465 379 526 genus
391 445 515 527 pellatur
530 465 547 507 e
560 448 658 509 medio
671 482 712 493 -
725 456 770 510 est
784 447 862 511 enim
877 456 971 510 totum
987 447 1159 511 sceleratum
1174 456 1202 509 et

33 550 35 555 ·
145 533 268 613 impium
283 567 339 607 -—,
361 532 410 613 qui
425 533 584 595 deliberant
597 540 696 597 utrum
711 533 741 595 id
757 541 929 613 sequantur,
949 533 1028 612 quod
1042 533 1201 601 honesturn

145 638 211 680 esse
230 619 355 692 rideant,
375 636 412 681 an
431 637 464 679 se
482 617 609 680 scientes
629 619 736 680 scelere
756 618 967 681 contaminent:
990 618 1021 679 in
1040 618 1104 697 ipsa
1123 619 1201 681 enim

145 703 325 766 dubitatione
343 703 455 765 facinus
467 704 563 776 inest,
584 704 669 767 etiam
689 705 715 765 si
734 705 771 766 ad
789 704 818 765 id
838 721 899 764 non
919 703 1094 783 pevenerint.
1123 704 1201 781 Ergo
1257 775 1263 781 Κ

145 809 179 851 ea
200 788 385 851 dehberanda
405 790 526 851 omnino
546 806 608 851 non
628 797 709 864 sunt,
729 790 760 852 in
780 789 888 869 quibus
903 798 948 851 est
961 789 1057 869 turpis
1070 789 1136 869 ipsa
1151 789 1202 849 de·

144 873 283 936 liberatio.

229 960 325 1039 Atque
338 959 424 1021 etiam
438 979 473 1021 ex
488 959 570 1021 omni
584 959 789 1022 deliberatione
800 959 909 1021 celandi
921 968 950 1021 at
960 959 1122 1024 occultandi
1134 977 1204 1037 spes

164 1044 303 1125 pinioque
321 1045 498 1106 removenda
516 1052 569 1106 est.
600 1045 676 1107 Satis
697 1045 773 1106 enirn
794 1044 893 1119 nobis,
913 1045 1043 1106 simodo
1059 1044 1090 1106 in
1106 1043 1202 1123 philo-

92 1146 95 1149 ·
145 1130 250 1209 sophia
265 1129 370 1210 aliquid
385 1124 575 1210 profecimus,
589 1124 847 1215 persuasum'esse
862 1129 957 1202 debet,
972 1131 997 1190 si
1013 1149 1117 1190 ornnes
1131 1130 1202 1190 deos

98 1275 108 1284 ,
143 1215 336 1295 hominesque
348 1216 438 1278 celare
449 1215 611 1295 possimus,
621 1204 802 1277 nihlltanren
815 1234 908 1289 arare,
920 1215 993 1276 nihil
1004 1215 1120 1289 iniuste,
1131 1213 1203 1275 nihil

130 1300 306 1375 libidinose,
321 1301 392 1362 nihil
407 1302 621 1362 incontinenter
636 1320 701 1362 esse
712 1301 884 1381 faciendum.
906 1299 983 1361 Hinc
992 1300 1039 1360 ille
1051 1300 1144 1380 Gyges
1155 1299 1201 1361 in-
1220 1309 1258 1368 u·

46 1386 427 1483 qmducittnaljlatone,
444 1387 502 1465 qui,
517 1405 584 1447 cum
606 1395 682 1446 terra
706 1374 891 1446 discessisset
900 1384 1017 1462 magnis
1029 1385 1202 1464 quibusdam
1223 1400 1255 1450 38

144 1471 297 1543 imbribus,
311 1470 460 1532 descendit
474 1471 504 1531 in
519 1470 599 1531 illum
614 1471 723 1532 hiatum
737 1476 919 1549 aeneumque
930 1488 1047 1548 equum,
1062 1478 1095 1531 ut
1105 1472 1204 1530 ferunt

144 1556 263 1628 fabulae,
273 1554 482 1629 animadvertit,
494 1556 581 1617 cuius
591 1556 621 1617 in
631 1556 767 1617 lateribus
779 1557 857 1615 fores
868 1563 982 1616 essent:
999 1555 1106 1633 quibus
1119 1574 1361 1649 aper-,mab

32 1676 37 1683 ⁴
83 1655 85 1660 ’
145 1640 182 1701 tis
203 1659 311 1719 eorpus
330 1641 460 1703 hominis
480 1642 589 1702 mortui
608 1640 678 1701 vidit
691 1640 895 1719 ‚magnitudine
914 1630 1203 1701 inusitatasanulum-
1301 1658 1306 1671 ¹
1362 1628 1372 1683 l

145 1743 201 1805 que
216 1744 334 1786 aureum
351 1726 381 1786 in
396 1726 495 1805 digito,
511 1745 598 1805 quem
610 1734 642 1786 ut
653 1725 784 1797 detraxit,
800 1725 865 1803 ipse
877 1723 971 1785 induit
981 1759 1023 1802 ·†
1035 1732 1097 1801 erat
1108 1731 1203 1786 autent

145 1809 242 1890 regius
267 1819 370 1890 pastor
389 1846 444 1884 -‚
472 1818 534 1873 tum
560 1811 766 1889 in'conciliurn
787 1829 819 1870 se
838 1818 989 1888 pastorum
1009 1810 1128 1889 recepit.
1162 1809 1204 1869 lbi
1281 1862 1286 1866 .

145 1915 211 1957 cum
225 1897 321 1976 palarn
337 1897 400 1958 eius
415 1897 492 1957 anuli
508 1897 542 1957 ad
550 1897 685 1974 palmam
702 1888 894 1969 conuerterat,
912 1915 928 1956 a
943 1884 1037 1956 nulloq
1045 1880 1267 1965 ridebaturfllle
1283 1884 1324 1939 aa!

145 1982 209 2060 ipse
226 1990 322 2043 autem
334 1981 432 2042 omnia
444 1981 571 2042 videbat:
587 1981 664 2043 idem
679 2000 783 2042 rursus
800 1979 959 2054 videbatur,
975 1999 1042 2041 cum
1058 1979 1207 2069 Qucum
1220 1974 1297 2043 olea
1307 1960 1363 2035 leo

145 2067 264 2128 anulum
282 2067 445 2127 inverterat.
475 2066 574 2145 ltaque
588 2068 644 2128 hac
658 2066 878 2146 opportunitate
896 2065 973 2126 anuli
994 2084 1080 2149 usus,
1088 2065 1204 2143 reginae

146 2160 280 2230 stuprum
300 2151 396 2212 intulit
415 2169 505 2230 eaque
525 2151 663 2213 adiutrice
681 2170 779 2230 regem
799 2152 952 2212 dominum
971 2151 1131 2229 interemit,
1152 2169 1203 2210 su-

145 2236 226 2297 stulit
241 2255 316 2316 quos
332 2236 448 2297 obstare
462 2236 662 2308 arbitrabatur,
677 2236 777 2298 necin
792 2236 838 2296 his
854 2256 922 2296 eum
933 2235 1109 2315 facinoribus
1122 2235 1203 2314 quis·
1260 2278 1264 2287 1
1357 2298 1362 2309 ,

146 2340 233 2401 quam
251 2321 347 2400 potuit
366 2321 472 2382 videre.
503 2320 552 2381 Sic
569 2330 688 2400 repente
707 2320 783 2382 anuli
804 2320 944 2405 berppficio
960 2338 1011 2380 rex
1026 2328 1144 2381 exortus
1160 2278 1335 2381 offulas
1354 2322 1378 2372 (στὶ

144 2407 258 2486 Lydiae.
287 2406 373 2467 Hunc
386 2405 473 2485 igitur
487 2405 585 2485 ipsum
599 2407 719 2467 auidum
735 2406 760 2466 si
774 2406 879 2466 habeat
893 2405 1017 2484 sapiens,
1031 2405 1122 2466 nihilo
1137 2405 1203 2484 plus
1222 2423 1232 2454 ⁸

146 2491 202 2552 sibi
228 2491 313 2552 licere
337 2500 419 2571 putet
444 2511 563 2570 peccare
583 2511 670 2571 quam
691 2491 716 2551 si
735 2508 796 2551 non
816 2490 942 2551 haberet.
976 2490 1107 2551 Honesta
1126 2489 1204 2550 enim

145 2576 231 2637 bonis
247 2576 329 2650 viris,
349 2595 411 2637 non
427 2577 539 2637 occidta
554 2583 742 2655 quaeruntur.
772 2575 866 2655 Atque
881 2574 1017 2636 hocloco
1034 2574 1203 2655 philosophi
1224 2584 1256 2634 39

174 2726 220 2778 37.
240 2728 275 2779 ad
289 2728 317 2778 ni
332 2728 405 2779 niiml.
423 2727 519 2778 lacinus
537 2727 649 2789 cornicil-
702 2729 752 2792 leg.
764 2726 804 2791 Ill,
820 2728 859 2790 18,
873 2727 906 2776 to
922 2732 952 2778 ut
967 2728 1020 2778 loeo
1033 2727 1108 2790 dicul,
1120 2726 1148 2777 au
1158 2702 1218 2834 “ll

147 2795 258 2847 tendum.
701 2801 819 2862 rogatus.

179 2865 374 2916 deliberantium
394 2893 428 2901 --
449 2865 647 2930 quide-liberaret.
736 2867 761 2914 si
771 2865 1021 2932 babeataupicns-
1033 2879 1110 2929 quam
1121 2867 1204 2914 or‘uon

145 2933 192 2983 Dic
205 2932 404 2996 Wicderholnng
416 2933 451 2983 iat
462 2934 539 2984 durch
551 2934 591 2983 dic
601 2933 649 2983 Pa·
702 2934 814 2983 habaet.
837 2932 889 2982 Der
901 2930 1019 2982 cineFall
1033 2932 1203 2982 schlicsstdcn

146 3001 264 3050 renthesc
277 3002 361 3065 nlthig
372 3005 499 3066 gemacht3
514 3001 565 3065 vgl.
578 3000 603 3067 ξ.
615 3000 649 3051 20
701 3002 795 3050 andern
813 3015 858 3049 aus
874 3001 924 3050 und
941 3000 1003 3049 wird
1017 3000 1104 3050 darum
1119 3001 1144 3049 in
1156 3000 1204 3049 den

145 3069 274 3119 bacchum
286 3069 336 3134 dut,
349 3074 380 3120 ut
388 3098 422 3106 —
433 3070 515 3120 liceat.
703 3067 792 3119 Modus
799 3069 843 3117 des
853 3067 1085 3118 nichtWirklichcn
1095 3074 1204 3131 gesetat,

180 3127 211 3188 9.
230 3136 271 3187 38.
291 3135 383 3204 Gygae,
400 3139 446 3187 der
458 3138 571 3204 lydischc
583 3137 648 3200 Hirt,
702 3137 822 3186 wiihrend
834 3137 880 3186 der
891 3136 968 3186 andro
984 3137 1024 3185 als
1036 3136 1143 3199 miigllch
1159 3151 1204 3199 gc·

125 3154 132 3261 l
145 3206 257 3256 welcber
272 3206 319 3255 deu
337 3204 419 3269 lidnig
435 3203 579 3256 Kandaules
592 3205 648 3256 tdd-
703 3204 776 3254 dacht
787 3204 830 3265 ist.

124 3264 131 3345 l
146 3279 212 3337 tete,
230 3274 282 3322 sich
299 3274 344 3323 des
356 3273 470 3323 Throues
484 3274 649 3336 bem'dchtigte
737 3274 809 3322 bonta
821 3274 883 3323 nius
899 3289 950 3323 uon
967 3272 1064 3323 occultu
1078 3287 1205 3339 merua-

121 3341 196 3439 qund
219 3340 394 3458 Stumrnvater8
415 3342 461 3391 der
488 3342 651 3393 Mernnaden
704 3344 754 3419 tur.
779 3341 833 3391 Ilcn
850 3340 927 3420 llativ
946 3340 1205 3423 beinPassiv'sctut

117 3408 648 3543 rttltalttdsttdtttttttt
703 3408 1205 3538 bt‚”tt¹'tlttttttttttttt

145 3546 205 3595 cher
217 3545 307 3596 Welse
317 3546 365 3596 wie
378 3544 427 3596 Cic.
442 3546 496 3597 hier
506 3546 619 3597 hebrun.
703 3544 808 3608 Suhject
827 3561 875 3596 von
889 3546 958 3609 deni,
981 3546 1020 3594 als
1037 3543 1079 3594 liir
1095 3543 1204 3593 welches

177 3612 357 3697 rnqguitudrhe
367 3616 497 3679 musitata,
505 3614 577 3664 Plato
586 3615 648 3683 μεί-
703 3620 783 3664 etwas
801 3614 942 3676 geschicht,
964 3611 1112 3662 bezeichuet
1135 3610 1203 3675 (Cot.
1377 3646 1378 3685 ,

144 3676 295 3746 duuquur’
310 3674 474 3748 decennov.
702 3679 820 3744 mittan
842 3696 943 3748 suuper
964 3684 1031 3731 enlm
1049 3683 1077 3730 iu
1093 3681 1133 3730 lais
1150 3683 1205 3733 slu-
1309 3700 1326 3719 ·
1377 3688 1378 3701 ¹

177 3751 308 3815 inlocum,
325 3765 355 3800 an
369 3750 409 3800 die
421 3751 540 3815 gehdrige
553 3750 647 3810 Stelle;
702 3750 750 3800 deu
762 3749 941 3813 laboribusque
957 3752 1051 3799 adventi
1064 3764 1116 3799 non
1132 3747 1205 3798 cutel-

146 3817 214 3866 Brut.
228 3818 269 3882 te,
281 3817 331 3867 274
342 3818 441 3869 nullum
451 3821 504 3870 uisi
513 3819 567 3870 loco
577 3821 648 3887 poei-
702 3818 820 3883 legitur),
838 3817 887 3866 und
899 3816 963 3866 heim
974 3816 1085 3882 Partieip
1098 3814 1205 3882 perlecti

146 3890 203 3936 tum
212 3890 236 3936 et
245 3891 373 3952 tamquam
383 3887 548 3939 emacula
558 3886 648 3938 eruble-
702 3900 776 3951 pass,
789 3900 837 3940 wo,
842 3885 888 3934 der
900 3884 975 3934 Detir
987 3883 1127 3947 gleichlalls
1140 3882 1204 3932 dnti-

127 3957 214 4023 ,mate
230 3959 360 4008 seucum
374 3957 481 4008 cubum
492 3955 598 4008 cederes:
618 3955 648 4007 dc
702 3969 750 4006 vus
759 3952 879 4004 commodi
892 3953 934 4016 ist,
948 3953 1010 4003 oder
1022 3953 1078 4003 eine
1091 3949 1204 4000 bhnliche
