2772 4504
533 293 849 351 mmmmm
1158 260 1297 365 195v

162 448 232 513 tatio
258 448 391 511 Pinthiae
417 449 519 525 luisse,
550 449 639 529 equiti
663 449 797 513 Romano
829 467 899 513 sane
923 450 1064 525 honesto,
1097 468 1164 517 cum
1193 453 1219 517 is

70 606 74 615 ¹
164 535 356 613 sponsionem
376 534 494 597 fecisset
512 555 543 596 m
559 553 606 596 vra
621 553 717 596 nouus
731 553 833 615 assur.
862 534 962 615 ltaque
976 535 1002 597 ei
1016 535 1124 598 dixisse
1138 536 1219 601 Fim-

63 678 148 766 or
181 620 1221 781 tainluttdllttttrlttttb,”tultttrlttttt

108 872 114 877 ‚
162 798 212 853 tur
229 791 324 853 virum
348 791 461 855 bonum
488 811 553 854 esse
577 791 715 872 aliquem,
742 811 810 853 cum
825 812 867 853 ‘ea
889 812 937 855 res
962 793 1220 856 innumerabilibus

163 876 265 938 officiis
285 884 313 938 et
331 876 464 939 laudibus
483 877 688 943 contineretur.
726 877 803 939 Huic
821 878 909 956 igitur
926 878 988 939 viro
1010 879 1106 953 bono,
1128 898 1242 960 quem.

161 962 291 1025 Fimbria
308 962 411 1037 etiam,
431 982 493 1024 non
512 965 602 1026 modo
613 963 755 1043 *Socrates
773 971 908 1038 noverat,
927 965 1007 1027 nullo
1023 965 1114 1026 modo
1130 964 1221 1026 videri
1232 966 1329 1047 'temp
1346 981 1374 1049 ω

161 1056 259 1128 potest
278 1048 432 1128 quiequam
452 1067 517 1111 osse
535 1050 604 1110 utile
619 1049 699 1128 quod
713 1067 775 1110 non
790 1049 949 1110 honestum
964 1049 1012 1112 sit.
1043 1050 1140 1129 ltaque
1154 1049 1220 1112 talis
1330 1046 1343 1081 ³

161 1133 206 1217 vir
224 1152 286 1195 non
306 1135 397 1194 modo
408 1136 522 1209 ,lacere,
542 1135 594 1195 sed
607 1153 645 1197 ne
661 1134 787 1214 cogitare
800 1135 918 1214 quidem
934 1135 1089 1215 quicquam
1104 1135 1222 1198 audebit

161 1220 240 1299 quod
254 1237 316 1282 non
330 1214 437 1281 audlea
451 1215 624 1307 praedicare.
654 1219 731 1281 Haec
745 1238 806 1281 non
821 1228 907 1300 turpe
922 1230 967 1282 est
981 1220 1114 1306 dubildlss
1122 1221 1220 1304 pbilo-

160 1306 289 1384 sopbos‚
310 1324 384 1385 qnae
404 1324 441 1366 ne
459 1300 700 1385 rusti'oi'quidem
719 1303 872 1366 dubitent?
893 1326 909 1367 a
929 1306 1034 1386 quibus
1053 1315 1156 1368 natum
1176 1314 1221 1367 est

160 1391 205 1463 id,
226 1390 384 1470 quodiam
404 1386 564 1453 contritum
585 1398 629 1451 est
652 1398 793 1463 uetustate
816 1390 1018 1470 proverbium'
1049 1390 1121 1452 Cum
1141 1391 1220 1453 enim

160 1475 248 1537 tidem
265 1475 384 1537 alicuius
399 1475 617 1557 bonitatemque
630 1476 761 1551 laudant,
781 1475 916 1555 ‘dignum
931 1476 1009 1539 esse'
1025 1476 1125 1537 dicunt
1140 1475 1219 1556 ‘qui-

161 1578 229 1622 cum
247 1560 278 1622 in
298 1560 427 1622 tenebris
446 1560 555 1622 mices'
589 1561 655 1622 Hoc
672 1581 760 1642 quam
779 1561 865 1623 habet
883 1561 942 1623 rim
962 1561 1019 1622 nisi
1037 1561 1128 1636 illam,
1148 1561 1248 1622 nibil=

161 1646 297 1725 expedire
311 1646 391 1726 quod
406 1664 468 1707 non
483 1647 590 1723 deceat,
607 1646 692 1708 etiam
708 1647 734 1707 si
749 1647 778 1707 id
792 1647 891 1727 possis
907 1647 986 1708 nullo
1000 1647 1146 1709 refellente
1164 1646 1219 1707 ob-

161 1729 275 1794 tinere?
305 1732 430 1794 Videsne
445 1733 504 1806 boc
518 1732 673 1812 proverbio
688 1751 783 1811 neque
794 1731 866 1812 Gygi
880 1732 919 1793 illi
934 1751 1024 1812 posse
1034 1732 1146 1793 veniam
1158 1732 1219 1793 dari
1241 1737 1273 1788 78

160 1837 255 1898 neque
274 1817 354 1892 huic,
377 1837 464 1898 quem
483 1818 580 1898 paullo
601 1825 667 1879 ante
686 1816 831 1911 fingebam
852 1817 1009 1897 digitorum
1028 1817 1221 1897 percussione

160 1903 481 1977 hereditates-omnium
496 1923 588 1984 posse
602 1900 793 1966 converrere?
822 1903 861 1965 Ut
876 1903 963 1977 enim,
978 1904 1055 1983 quod
1071 1911 1156 1982 turpe
1168 1911 1220 1978 est,

159 1989 203 2063 id,
219 1990 350 2070 quamvis
367 1991 534 2065 occultetur,
549 1997 646 2051 tamen
661 1989 821 2051 honestum
835 1987 898 2050 fieri
913 1989 993 2049 nullo
1008 1989 1098 2050 modo
1114 1996 1221 2067 potest

161 2075 218 2149 sic,
239 2076 317 2154 qnod
331 2076 491 2136 honestum
506 2094 568 2136 non
583 2084 641 2151 est,
656 2075 685 2136 id
700 2075 769 2138 utile
783 2081 817 2136 ut
832 2076 871 2137 sit
886 2075 960 2136 effici
976 2092 1037 2137 non
1053 2081 1153 2154 potest
1167 2075 1220 2135 ad-

159 2167 292 2222 versante
305 2167 334 2220 et
348 2168 527 2240 repugnante
542 2169 653 2222 natura.
711 2238 713 2243 ,
1025 2189 1028 2193 ⁷
1238 2204 1280 2264 90
1309 2182 1359 2275 Θ

245 2247 282 2307 nt
296 2245 390 2319 enirn,
405 2263 473 2307 curn
488 2264 647 2325 permagna
660 2245 788 2326 praemia
804 2255 886 2319 sunt,
907 2253 952 2307 est
969 2263 1056 2307 causa
1070 2245 1218 2324 peccandi.
1241 2280 1274 2330 79

1149 2332 1173 2365 e
1224 2328 1245 2365 o

159 2403 236 2465 etque
252 2400 306 2450 cita
321 2400 403 2450 donus
417 2402 509 2449 auctor
523 2401 550 2448 in
566 2401 664 2462 centu,
718 2314 1183 2461 neuwennaucnagmslsrznl
1207 2404 1225 2435 ·'
1253 2344 1307 2435 53

159 2467 228 2518 admo
239 2466 380 2518 tolerabilis
389 2471 516 2534 patrones
532 2481 578 2516 noc
589 2465 665 2516 rudis
717 2464 1153 2529 tivist‚beideSiitzeeingemeinscb
1192 2465 1223 2514 li-
1243 2480 1269 2550 (Ι

97 2588 98 2591 ,
160 2537 188 2585 in
207 2538 264 2585 iura
284 2534 351 2585 cicili
371 2539 397 2584 et
416 2550 475 2584 cum
494 2537 665 2585 cirratorum
718 2535 777 2583 obeo
788 2532 906 2583 Priidieat
917 2533 1072 2598 baben,und
1083 2533 1167 2582 dieses
1179 2532 1220 2582 bei
1261 2494 1333 2559 *llll*

114 2638 121 2643 -
162 2606 239 2653 etcum
250 2604 308 2671 ipso
321 2605 446 2653 orationis
455 2618 553 2668 geme
563 2602 635 2652 liber.
717 2602 773 2651 dem
788 2601 885 2651 letzton
901 2601 976 2651 Satze
994 2601 1073 2663 steht,
1094 2599 1143 2650 wie
1165 2599 1221 2663 bier
1232 2583 1361 2708 ῥ’ῃζ]

196 2673 361 2738 sponsionem
370 2671 448 2736 serit.
475 2670 528 2720 ller
544 2670 663 2733 bellagte
717 2669 826 2721 audebit.
850 2667 1093 2733 Doebs.z.§.105.
1272 2664 1293 2713 l

161 2740 259 2791 rnechte
283 2739 336 2789 sicb
359 2738 504 2802 unbeiscbig
524 2754 555 2787 zu
576 2738 663 2789 Etwas
750 2741 852 2788 micare.
875 2736 926 2786 Das
936 2737 998 2786 noeb
1009 2738 1083 2786 brute
1093 2736 1118 2785 in
1130 2733 1232 2789 Italien‘

162 2814 238 2857 anter
254 2808 299 2857 der
310 2806 467 2870 Redingnng,
489 2808 547 2856 dass
566 2807 606 2856 die
618 2806 666 2856 Ba·
719 2813 793 2856 unter
809 2806 864 2855 dem
883 2804 978 2855 Numen
994 2805 1018 2853 la
1035 2819 1105 2854 mora
1121 2803 1219 2853 iiblicbe

162 2877 288 2941 hauptnng
306 2876 352 2924 der
366 2872 475 2938 llldgers
494 2874 585 2938 riehtig
605 2875 666 2924 oder
719 2874 787 2940 Spiel
799 2874 899 2923 bestebt
907 2874 986 2935 darin,
998 2873 1056 2925 dass
1065 2871 1138 2922 beide
1149 2869 1220 2937 Spio-

163 2944 232 2993 seine
244 2943 322 2993 lulscb
335 2943 380 2993 sei.
409 2943 462 2993 Der
474 2942 572 2993 Beweis
584 2943 665 2992 dauon
718 2942 793 2992 lende
810 2942 923 3004 zngleicb
940 2941 996 2990 eine
1013 2940 1108 2990 Anzabl
1124 2939 1220 3002 Finger-

163 3011 290 3060 entsohied
303 3010 367 3061 daun
379 3012 426 3060 den
438 3009 554 3060 Process.
576 3010 620 3060 ort
632 3011 667 3060 ist
718 3009 883 3060 ausstreclren
892 3009 942 3059 und
951 3009 1007 3058 eine
1017 3007 1081 3058 Zabl
1090 3005 1218 3059 ansrul'en.

163 3079 240 3128 daber
252 3078 291 3127 die
310 3079 410 3145 sponsio
433 3081 552 3148 (sponsae
562 3081 667 3146 praeiu-
719 3077 828 3128 Wessen
848 3075 912 3126 Zabi
928 3076 967 3126 die
985 3074 1083 3126 Summe
1104 3077 1150 3127 der
1169 3091 1219 3125 von

163 3145 274 3211 deun)
285 3162 333 3196 nur
341 3148 396 3196 eine
405 3147 489 3210 Form,
502 3148 550 3197 den
559 3146 665 3197 Prooess
718 3146 810 3196 beiden
822 3145 1028 3208 ausgestroclrten
1040 3144 1134 3206 Finger
1146 3143 1219 3206 uim,

163 3215 325 3265 einzuleiten.
361 3214 429 3264 Hier
452 3215 506 3265 also
530 3215 665 3281 verspraeb
718 3211 1219 3276 derbatgewonnen.DieRb‘merwund-

163 3281 274 3332 Fimbria
286 3299 318 3332 zu
331 3282 427 3345 zallen,
440 3282 473 3332 im
487 3282 545 3333 mn
555 3298 610 3333 man
624 3284 665 3332 ihn
718 3289 761 3333 ten
773 3283 817 3331 das
830 3281 898 3347 Spiel
916 3281 978 3330 ancb
994 3281 1032 3330 als
1046 3281 1102 3329 eine
1115 3282 1163 3331 Art
1175 3280 1219 3330 des

164 3350 232 3399 niebt
259 3350 297 3400 als
318 3350 476 3400 Ebrenmann
504 3351 664 3401 ancrlrennen
718 3349 884 3412 Loosensan,
898 3366 920 3399 z.
935 3349 961 3398 B.
974 3348 1038 3398 beim
1050 3346 1131 3409 llanl3
1144 3346 1219 3413 §.bb

154 3417 258 3469 uiicde.
718 3417 786 3468 Suet.
797 3417 861 3481 Aug.
871 3416 904 3466 30
915 3416 979 3468 alios
988 3421 1092 3484 patrem
1103 3414 1221 3489 etflliam

196 3486 663 3552 aliquemirgendeinenweresouob
715 3496 765 3554 pro
788 3490 841 3536 etto
864 3489 987 3551 rogantes
1010 3485 1103 3535 toruae
1127 3486 1153 3532 et
1170 3484 1219 3531 nci-

162 3552 218 3606 sein
233 3569 303 3618 arag,
325 3555 408 3605 wobei
423 3571 472 3605 von
489 3556 535 3605 der·
552 3555 665 3620 Qualitiit
719 3556 911 3619 corciacum,
930 3557 961 3604 ut
972 3548 1220 3603 armoraciam·

161 3623 305 3688 abgescben
317 3622 389 3673 wird.
413 3621 434 3689 Ι,
449 3622 494 3686 11,
506 3622 538 3673 35
555 3624 666 3690 Quom
717 3627 799 3674 retur.

163 3691 354 3760 rempublicam
363 3692 524 3743 lacaenas.
542 3688 575 3741 lll
585 3690 673 3756 §.118
753 3690 822 3742 nullo
846 3689 990 3755 refellente,
1015 3689 1078 3737 obne
1100 3688 1158 3737 dass
1178 3685 1220 3736 ibn
1282 3746 1288 3752 Ι

164 3758 343 3826 obbuomdo.
719 3759 823 3809 demand
836 3757 879 3806 des
892 3755 1015 3808 Unrecbts
1027 3753 1167 3805 iiberliibut.

198 3828 336 3880 anamodo
347 3825 490 3880 Socratem.
501 3825 526 3892 ᾗ
541 3826 581 3875 11.
755 3825 795 3876 78.
821 3823 889 3891 Gpgc'
897 3824 946 3874 illi:
964 3840 985 3873 o.
999 3823 1023 3873 9.
1329 3890 1334 3893 ι

199 3895 456 3961 ncommodosaeere:
472 3893 612 3947 anamodo
625 3893 668 3943 nir
754 3884 874 3947 21].,711
901 3894 941 3942 At
963 3892 1031 3942 oraim
1048 3889 1117 3940 fuum
1134 3888 1222 3939 immer

166 3964 431 4017 nonmodononkonn
442 3979 491 4016 nur
501 3968 591 4028 pascet
601 3976 668 4012 wor-
721 3962 770 4012 wie
789 3955 857 4011 atta
873 3954 928 4028 γάρ
950 3960 1023 4010 einen
1039 3954 1158 4010 Einwnrl
1176 3955 1221 4009 das

974 4040 1023 4094 13*
