2776 4502
569 312 630 365 ΗΒ.
643 313 663 365 1.
690 311 761 364 GAP.
772 311 815 364 25.
1184 318 1225 380 69

162 504 169 517 =
249 466 311 530 Nec
324 485 395 530 vero
409 468 560 542 audiendi,
579 469 630 548 qui
645 468 769 548 graviter
787 457 975 531 uascdndum
996 469 1123 532 inimicis
1138 479 1225 551 puta-
1246 486 1279 540 aa

84 616 86 619 .
163 552 238 615 bunt
251 554 339 634 idque
353 553 533 634 magnanimi
548 561 577 614 et
590 553 676 615 fortis
694 553 749 614 viri
768 572 834 615 esse
854 553 1023 633 censebunt.
1053 555 1130 619 Nihil
1148 550 1227 618 enim

163 638 350 719 laudabilius,
375 639 448 701 nibil
467 656 575 717 magno
596 646 625 699 et
644 639 795 717 praeclaro
813 638 878 701 viro
898 624 1015 719 dignius
1035 582 1327 719 placabilitatem*

163 733 252 803 atque
267 724 427 786 elementia.
457 723 490 784 ln
505 722 605 785 liberis
619 742 688 785 vero
703 724 828 804 populis
841 733 870 786 et
888 725 919 786 in
938 725 1011 785 iuris
1027 725 1227 804 aequabilitate
1238 684 1364 843 &277

163 809 325 870 exercenda
339 809 428 871 etiam
442 820 487 871 est
501 807 621 870 facilitas
635 819 665 870 et
678 809 799 871 altitudo
814 811 905 873 animi
921 828 993 891 quae
1008 810 1124 884 dicitur,
1139 829 1186 885 ne,
1202 811 1227 871 si

163 893 326 955 irascamur
341 901 392 958 aut
412 894 615 975 intempestive
629 895 834 965 accedentibus
849 904 901 957 aut
918 894 1104 973 impudenter
1117 914 1228 975 rogan·

161 978 252 1057 tibus,
268 979 299 1040 in
313 980 518 1042 morositatem
531 980 664 1040 inutilem
678 987 707 1041 et
722 980 858 1042 odiosam
873 980 1049 1042 incidamus.
1078 980 1115 1042 Et
1129 988 1228 1042 umen

162 1064 202 1125 ita
215 1063 368 1144 probanda
383 1072 429 1126 est
442 1065 639 1129 mansuetudo
656 1071 742 1146 atque
758 1060 923 1140 clementia,
944 1073 977 1126 ut
997 1064 1169 1127 adhiheatur
1183 1066 1227 1127 rei

162 1148 295 1229 publicae
310 1166 396 1212 causa
411 1150 558 1223 severitas,
575 1150 640 1212 sine
650 1169 709 1231 qua
721 1150 920 1213 administrari
932 1150 1031 1212 civitas
1044 1168 1106 1212 non
1117 1158 1227 1230 potest.

163 1234 268 1295 Omnis
292 1244 389 1297 autem
410 1245 440 1297 et
463 1235 679 1298 aniuradversio
698 1243 726 1297 et
747 1235 898 1316 castigatio
925 1235 1103 1298 contumelia
1125 1254 1228 1298 vacare

162 1320 250 1381 debet
263 1337 359 1400 neque
374 1322 412 1382 ad
426 1321 500 1394 aius,
516 1320 567 1400 qui
581 1321 704 1400 punitur
718 1321 844 1400 aliquem
855 1330 906 1382 aut
916 1321 1012 1382 verbis
1028 1321 1157 1399 castigat,
1175 1321 1227 1382 sed

95 1398 200 1503 otlffid
213 1405 256 1466 rei
270 1405 404 1483 publicae
422 1405 576 1467 utilitatem
590 1405 702 1467 reterri.
734 1406 774 1467 Ca
792 1425 807 1466 e
831 1407 901 1467 dum
918 1415 964 1467 est
978 1406 1064 1466 etiam
1079 1423 1117 1466 ne
1132 1406 1227 1467 maior
1247 1421 1290 1472 aa

10 1486 94 1573 ¹„lt
162 1507 260 1568 poena
275 1508 363 1568 quam
378 1490 463 1568 culpa
478 1491 517 1552 sit
530 1498 610 1552 atne
624 1490 731 1552 iisdem
768 1491 901 1552 ecausis
918 1490 965 1552 alii
985 1490 1160 1570 plectantur,
1181 1490 1228 1551 alii
1300 1542 1305 1549 .

17 1572 35 1593 ‘¹
164 1559 403 1655 nebppellentur
423 1574 550 1654 quidem.
584 1576 772 1638 Prohibenda
791 1578 891 1637 autern
915 1576 1042 1637 maxime
1068 1584 1113 1636 est
1133 1576 1177 1651 ira
1196 1578 1228 1636 in

163 1657 323 1737 puniendo.
350 1658 517 1738 Numquam
528 1659 607 1720 enim
621 1660 713 1722 iratus
730 1661 780 1739 qui
790 1661 908 1722 accedet
921 1661 957 1722 ad
972 1679 1100 1738 poenam
1111 1659 1227 1739 medio-

142 1734 297 1807 lori'tatem
315 1743 395 1804 illam
414 1744 537 1818 tenebit,
562 1763 636 1823 quae
658 1753 704 1806 est
722 1745 798 1806 inter
818 1745 944 1806 nimium
963 1752 992 1805 et
1011 1763 1133 1824 parum,
1153 1763 1228 1823 quae

144 1820 258 1907 {plapet
276 1828 479 1908 Peripateticis
499 1836 527 1890 et
546 1837 625 1891 recte
643 1830 751 1909 placet,
770 1830 862 1891 modo
881 1849 918 1891 ne
937 1828 1090 1891 laudarent
1109 1828 1227 1890 iracun-

146 1912 243 1983 {diam
261 1921 290 1974 et
309 1913 439 1974 dicerent
457 1913 569 1976 utiliter
583 1934 601 1976 a
615 1922 719 1975 natura
740 1916 847 1976 datam.
878 1914 1016 1975 llla.vero
1037 1913 1176 1975 omnibus
1196 1915 1227 1975 in

143 1997 251 2059 arabus
267 1998 448 2076 repudianda
463 2008 509 2060 est
520 2000 740 2079 optandumque
754 2008 788 2061 ut
801 1999 831 2073 ii,
853 2000 904 2079 qui
915 2006 1058 2078 praesunt
1073 1999 1114 2059 rei
1130 1998 1227 2078 publi-

165 2101 229 2156 cae,
248 2083 344 2162 legurn
359 2083 468 2144 similes
484 2084 555 2158 sint,
575 2083 899 2187 quaefflpuniendnm
913 2102 976 2146 non
991 2084 1153 2157 iracundia,
1175 2085 1227 2144 sed

164 2168 308 2246 aequitate
324 2169 480 2230 ducuntur.

200 2334 240 2386 88.
258 2340 355 2388 numici
363 2359 398 2380 =
409 2338 559 2403 adversarii,
571 2339 612 2388 die
621 2353 667 2404 po-

164 2403 280 2455 litischen
292 2403 407 2469 (laquem
426 2421 474 2456 nur
485 2421 535 2455 von
547 2407 621 2455 ibnan
633 2407 668 2456 ist

166 2471 205 2522 die
217 2471 295 2523 Rede.

199 2542 344 2591 censebunt.
368 2539 433 2590 Dass
446 2541 534 2590 Cicero
547 2540 615 2590 niobt
627 2548 667 2590 et-

137 2646 140 2657 .
165 2621 204 2656 wa
226 2607 281 2656 eine
301 2607 443 2658 bestimmtc
466 2608 668 2672 pbilosophisclre

133 2664 142 2763 ἑ

133 2766 144 2829 l

164 2673 257 2725 Solule
270 2675 303 2724 im
316 2674 393 2727 Sinon
410 2676 466 2740 bat,
484 2675 554 2738 zeigt
567 2676 612 2726 das
629 2675 669 2726 lu-

163 2750 258 2793 tumm.
630 2786 634 2791 ,

197 2810 306 2862 altitudo
314 2813 401 2878 marra,
412 2812 458 2861 d.i.
466 2806 603 2877 βαθύτηςὶ
616 2826 669 2863 was

164 2880 287 2930 dmnter
298 2896 330 2929 zu
341 2880 477 2931 versantes
491 2880 542 2943 soi,
556 2880 625 2944 zeigt
637 2881 668 2930 ad

164 2946 241 2998 Aulo.
253 2948 285 3012 V,
300 2947 341 3011 10,
354 2947 369 2998 3
387 2950 438 2999 etsi
452 2948 514 2999 bace
529 2948 667 3016 tpaa'soro

156 3016 264 3081 fronto,
280 3020 384 3084 utputo
397 3016 502 3082 etaolo,
523 3016 667 3081 bodohaim,

164 3082 212 3134 aad
277 3100 307 3136 or
317 3086 418 3135 malm
429 3086 554 3136 aum'doa.
566 3112 602 3123 -
613 3083 667 3135 Ita'-

164 3168 212 3218 que
275 3155 394 3204 uirum
409 3169 495 3203 meam
514 3147 666 3218 βαθύτητα,

163 3235 223 3271 oum
250 3220 316 3270 saled
340 3220 508 3272 radicatione:
541 3221 597 3270 also
626 3220 666 3270 die

163 3284 249 3337 Runst
260 3288 329 3338 scine
339 3286 447 3339 Geliiltle
457 3305 489 3338 zu
498 3289 668 3340 beberrsoben

165 3355 216 3405 und
227 3369 261 3403 zu
272 3354 411 3419 verborgen
424 3357 456 3405 ad
467 3356 544 3407 Attio.
553 3355 597 3417 IV,
611 3356 637 3419 6,
651 3355 666 3404 3

162 3421 212 3473 aed
221 3422 364 3474 mereata
373 3424 514 3490 incipiendo
527 3425 625 3491 refugi,
635 3440 668 3474 ne

164 3489 322 3558 quodcum·
330 3491 409 3542 stulta
416 3491 484 3543 alius
492 3495 668 3560 intenpestiva

163 3576 215 3611 non
228 3558 328 3625 tulisse,
347 3575 440 3612 rursus
455 3559 534 3611 stulta
545 3562 667 3613 mianum

163 3627 339 3693 dbbasaotbm
350 3628 485 3695 musano,
497 3632 523 3680 al
529 3629 595 3710 qaid
602 3633 668 3681 ecit·

161 3712 254 3779 prere,
274 3701 301 3749 et
319 3697 397 3750 amnt
414 3714 447 3748 na
461 3701 585 3762 βαθυτης
600 3714 667 3763 mea,

164 3765 667 3907 tttbttdttsstttattttt

164 3900 206 3966 22,
219 3901 260 3966 77,
278 3917 319 3951 wo
337 3903 475 3955 &beraldus
493 3903 543 3954 und
558 3902 667 3955 adludo

164 3968 506 4024 mundnlfflnterartander
516 3971 668 4039 magnitudo

721 2341 802 2389 artiori
816 2336 962 2402 angegoben
979 2339 1090 2389 werden.
1118 2337 1227 2390 altitudo

720 2409 819 2473 ingenii
829 2406 891 2455 Sall.
904 2403 957 2470 lug.
970 2406 1011 2471 95,
1025 2405 1051 2456 3.

756 2496 792 2547 ad
803 2499 871 2560 etus,
888 2500 933 2563 qui
945 2499 1057 2566 punitur
1068 2497 1123 2547 utel.
1146 2495 1227 2548 'l'rotz

723 2565 1068 2630 desbierausgesproebenen
1078 2564 1226 2616 Grundsaz-

723 2647 768 2682 zos
782 2632 861 2682 tindet
873 2647 901 2681 es
912 2631 963 2682 Cic.
976 2632 1172 2697 gereebtl'ertigt
1187 2632 1226 2698 (ll,

725 2700 765 2763 14,
778 2699 829 2763 50),
841 2700 900 2750 dass
912 2701 953 2750 die
965 2700 1055 2751 beiden
1065 2700 1175 2766 Luculli,
1185 2717 1227 2751 um

722 2769 775 2818 sicli
796 2784 829 2819 zu
849 2768 955 2832 richen,
976 2770 1023 2820 den
1040 2768 1165 2821 Servilius
1181 2785 1227 2819 an-

722 2836 821 2900 lilagen.

756 2926 798 2977 89.
822 2943 839 2977 α
854 2927 950 2996 pallore
962 2928 1096 2992 eigontlieb
1113 2931 1226 2993 mabnen,

721 3011 750 3045 so
762 2944 892 3113 apselddre
904 2995 936 3046 de
945 2999 1062 3063 poemia.
1084 3012 1130 3061 pro
1143 2997 1160 3046 l.
1172 3012 1226 3060 agr.

720 3061 779 3128 lla.
811 3063 843 3112 00
859 3079 876 3113 a
890 3079 933 3113 me
946 3068 1037 3131 patere
1057 3065 1126 3129 quod
1140 3063 1225 3127 debeo,

720 3147 763 3181 me
781 3134 867 3199 ipsum
887 3130 1015 3199 appellare
1031 3130 1135 3182 dedetis.
1165 3130 1227 3180 Hler

721 3199 790 3249 istes
798 3199 972 3263 allgemeiner:
983 3198 1226 3263 ,zurReobensobalt

721 3267 828 3330 zieben‘,
841 3267 892 3329 vgl.
904 3266 934 3317 de
944 3268 962 3316 l.
972 3283 1025 3331 agr.
1035 3265 1065 3332 ll,
1077 3267 1118 3333 24,
1129 3266 1162 3316 64
1173 3283 1226 3317 non

721 3338 842 3389 consuevi
855 3336 970 3387 horninur
986 3337 1123 3405 superatos
1140 3335 1225 3405 appel-

721 3404 776 3454 lare
793 3402 913 3468 (bottiger
929 3405 1060 3469 aqlassen)
1079 3408 1131 3455 nisi
1145 3404 1225 3454 loces·

721 3476 795 3523 situs.
1205 3496 1209 3503 ¹

754 3562 969 3615 medinentatem:
999 3562 1158 3613 belanntliob
1183 3578 1225 3613 er-

721 3631 790 3683 kltirt
806 3633 961 3683 Aristoteles
979 3630 1040 3694 jede
1058 3628 1164 3694 Tagend
1183 3630 1226 3681 liir

722 3701 778 3750 eine
790 3700 864 3751 Mitte
876 3699 1002 3750 zwisoben
1012 3697 1028 3747 2
1037 3698 1154 3749 Feblern.
1172 3698 1226 3750 rar

721 3767 766 3819 das
783 3767 913 3831 Fulgendc
930 3783 951 3818 s.
1022 3782 1044 3817 o.
1060 3765 1103 3831 IV,
1125 3767 1170 3832 19,
1192 3766 1225 3816 43

723 3835 792 3898 Quod
811 3835 879 3903 quod
897 3834 974 3886 aidan
985 3835 1081 3904 Pm’pa
1146 3838 1225 3902 'per-

723 3902 885 3956 turbationes
901 3907 979 3970 iataa,
997 3920 1061 3970 quma
1075 3919 1124 3953 noa
1142 3906 1226 3953 eutii·-

720 3972 822 4040 pandas
832 3978 962 4042 paternus,
975 3989 1027 4023 non
1035 3971 1110 4022 oredo
1119 3975 1227 4023 natura-
