2772 4504
589 273 633 324 llll
651 272 788 325 urricus

162 426 207 500 ba,
221 434 337 506 portus,
350 446 490 507 aquarum
504 428 608 490 ductus
622 427 785 506 omniaque,
800 445 874 508 qnae
884 427 919 490 ad
932 445 1019 489 usum
1032 426 1075 487 rei
1086 427 1219 506 publicae

161 512 315 591 pertinent.
343 514 527 592 Quamquam
539 515 618 594 quod
631 531 769 593 praesens
784 520 934 594 tamquam
948 512 980 573 in
996 530 1117 574 manum
1133 513 1219 574 datur

161 597 316 659 iucundius
333 605 391 671 est,
411 598 484 659 haec
497 607 595 660 tamen
610 599 641 660 in
656 607 809 679 posterum
824 594 958 677 gratiora.
989 598 1125 672 Theatra,
1145 617 1218 679 por·

161 683 251 753 tiens,
270 701 346 744 nova
366 683 473 763 templa
487 684 678 746 verecundius
698 684 881 764 reprehendo
895 692 1017 764 propter
1030 683 1216 764 Pompeium,

151 768 213 828 'sed
228 767 390 829 doctissimi
405 786 468 829 non
482 769 618 848 probant,
633 777 666 830 ut
680 777 709 830 et
723 769 770 830 hic
784 770 849 849 ipse
859 769 1022 842 Panaetius,
1037 788 1125 848 quem
1140 770 1217 831 mul·
1263 816 1267 823 «

128 844 137 913 l
160 860 223 914 tum
243 852 274 913 iu
289 853 335 914 nis
357 853 438 915 libris
454 861 571 915 secutus
588 874 668 929 sum,
689 872 750 915 non
770 854 994 934 interpretatus,
1016 863 1044 916 et
1058 854 1217 915 Phalereus

131 942 137 993 t
160 938 333 1011 Demetrius,
350 939 400 1019 qui
411 939 552 1002 Periclem
566 940 729 1020 principem
742 940 877 1001 Graeciae
891 939 1041 1019 vituperat,
1056 940 1135 1019 quod
1151 948 1217 1001 tan-

131 1080 136 1093 ,
162 1031 220 1084 tam
235 1024 387 1102 pecuniam
402 1025 433 1086 in
448 1026 594 1105 praeclara
609 1025 656 1086 illa
670 1025 827 1105 propylaea
842 1024 1006 1093 coniecerit.
1037 1000 1146 1087 Sedde
1160 1025 1219 1086 lroc

161 1127 266 1187 genere
280 1116 343 1170 toto
359 1109 389 1170 in
404 1110 441 1171 iis
456 1110 553 1184 libris,
569 1129 644 1190 quos
666 1112 717 1184 ‚de
731 1129 763 1171 re
777 1109 905 1189 publica‘
926 1109 1045 1188 scripsi,
1066 1110 1218 1189 diligenter

161 1200 205 1253 est
224 1194 413 1274 disputatum.
446 1195 520 1256 Tota
539 1195 625 1275 igitur
639 1195 712 1257 ratio
734 1196 835 1257 talimn
853 1194 1040 1274 largitionum
1055 1214 1160 1274 genere
1173 1196 1216 1256 vi-

161 1279 235 1339 tiosa
251 1286 308 1354 est,
328 1280 512 1360 temporibus
533 1281 698 1342 necessaria
717 1289 745 1342 et
764 1288 827 1341 tum
846 1280 945 1360 ipsum
965 1280 1049 1341 etad
1069 1281 1216 1343 facultates
1290 1344 1295 1349 ,

104 1363 144 1424 18
162 1365 411 1427 accommodanda
435 1373 463 1425 et
486 1366 684 1428 mediocritate
707 1366 885 1428 moderanda
905 1373 959 1427 est.

107 1456 134 1506 61
244 1450 277 1510 ln
286 1449 334 1510 illo
346 1459 441 1511 autem
454 1451 544 1512 altero
554 1469 658 1530 genere
667 1452 815 1530 largiendi,
827 1452 907 1530 quod
918 1471 934 1513 a
945 1451 1113 1513 liberalitate
1124 1453 1215 1532 proti-

6 1481 98 1659 ΜΤ]
109 1522 288 1608 adciscitur,
300 1553 362 1596 non
374 1554 433 1596 uno
446 1536 535 1597 modo
548 1537 578 1597 in
590 1536 754 1616 disparibus
768 1537 864 1598 causis
876 1536 979 1598 adlecti
991 1555 1056 1598 esse
1066 1536 1215 1597 debemus.

5 1624 71 1711 Pr
94 1619 1216 1787 tttltttrttt§ttrttttttttttltttttttttrrtttttttr

160 1791 203 1852 bit
214 1790 244 1851 in
256 1791 451 1864 calamitosos,
467 1792 524 1853 nisi
537 1793 612 1853 terte
628 1801 714 1854 erunt
729 1793 809 1871 digni
819 1792 987 1855 calamitate.
1011 1793 1044 1853 ln
1058 1792 1094 1854 iis
1110 1800 1215 1866 tamen,

161 1875 210 1955 qui
227 1895 257 1936 se
273 1876 400 1938 adiuvari
419 1878 530 1950 volent,
552 1896 614 1938 non
628 1896 665 1939 ne
681 1878 868 1958 adlligantur,
888 1878 940 1939 sed
954 1886 988 1940 ut
1002 1878 1133 1940 altiorem
1148 1896 1214 1958 gra-

161 1962 230 2022 dum
246 1962 415 2035 ascendant,
431 1963 556 2023 restricti
572 1963 695 2023 omnino
712 1981 778 2025 esse
793 1964 874 2025 utillo
889 1964 980 2025 modo
995 1963 1149 2037 debemus,
1165 1964 1216 2024 sed

160 2046 191 2105 in
215 2046 373 2124 deligendis
397 2047 510 2108 idoneis
534 2047 672 2109 iudicium
699 2056 728 2108 et
752 2048 929 2128 diligentiam
955 2049 1102 2110 adhibere.
1142 2049 1214 2110 Nam

159 2132 304 2211 praeclare
319 2132 445 2194 Ennius:
1101 2143 1105 2149 '

245 2233 319 2295 Bene
333 2236 414 2314 [dete
428 2235 503 2299 mele
519 2235 614 2298 tooure
628 2236 705 2297 mole
718 2239 799 2317 scete
815 2237 956 2298 drbitror.

106 2343 138 2393 63
161 2336 246 2409 Quod
261 2345 357 2398 autem
373 2338 513 2399 tributum
528 2346 573 2400 est
587 2338 667 2399 bono
683 2338 745 2399 viro
760 2348 789 2400 et
804 2346 905 2418 grato,
917 2338 947 2398 in
964 2357 998 2398 eo
1016 2357 1083 2399 eum
1099 2358 1134 2399 ex
1150 2338 1216 2418 ipso

159 2422 271 2482 fructus
286 2431 330 2484 est
345 2431 408 2484 tum
423 2423 510 2485 etiam
525 2443 560 2485 ex
574 2424 685 2485 ceteris.
712 2423 886 2485 Temeritate
896 2423 974 2484 enim
985 2430 1097 2484 remota
1110 2422 1215 2502 gratis-

159 2507 233 2568 sima
248 2516 292 2569 est
307 2508 471 2583 liberalitas,
487 2528 580 2589 eoque
594 2528 658 2570 eam
674 2509 835 2571 studiosius
850 2509 980 2590 plerique
994 2508 1121 2583 laudant,
1136 2509 1216 2588 quod

159 2594 268 2654 summi
301 2594 441 2674 cuiusque
471 2594 587 2655 bonitas
618 2613 776 2656 commune
807 2594 974 2675 perfugium
1001 2601 1046 2655 est
1072 2595 1214 2656 omnium.
1250 2645 1253 2649 .
1380 2662 1381 2681 χ

157 2678 258 2739 Danda
278 2679 365 2758 igitur
385 2700 472 2759 opera
493 2689 538 2741 est
558 2687 590 2741 ut
609 2679 645 2741 iis
665 2679 815 2742 benefieiis
832 2699 920 2760 quam
934 2679 1077 2760 plurimos
1097 2679 1213 2741 adficia-
1305 2678 1310 2681 ’

158 2782 236 2835 mus,
252 2782 377 2841 quorum
392 2766 532 2826 memorie
549 2764 649 2829 liberis
661 2766 848 2845 posterisque
860 2764 1010 2844 prodatur,
1027 2772 1060 2825 ut
1068 2765 1105 2825 iis
1117 2765 1213 2842 ingra-

157 2848 196 2908 tis
216 2866 282 2910 esse
302 2866 363 2909 non
382 2849 473 2910 liceat
503 2850 614 2912 Omnes
630 2851 707 2912 enim
723 2851 925 2911 immemorem
940 2848 1074 2908 beneficii
1090 2848 1217 2909 oderunt

158 2952 280 3013 eamque
301 2933 437 2995 iniuriam
457 2935 487 2996 in
508 2936 678 2999 deterrenda
694 2934 860 2997 liberalitate
876 2933 930 2993 sibi
946 2933 1034 2993 etiam
1050 2932 1112 2993 lieri
1128 2952 1215 2995 eum-

192 3121 233 3173 60.
256 3130 388 3191 praesens,
400 3124 554 3189 perstolioh:
565 3122 584 3187 l,
590 3123 661 3188 4,11.
716 3128 770 3174 tum
789 3125 874 3191 ipsum
886 3135 906 3171 ε.
918 3120 1009 3186 Zumpt
1020 3118 1045 3187 ᾖ.
1058 3119 1116 3171 270.

171 3208 177 3218 ·
189 3193 315 3257 gratiora,
328 3191 607 3256 danlenswertlrar3'§.
620 3191 662 3242 48.
751 3180 802 3242 18.
813 3188 853 3240 61.
865 3188 892 3240 ln
902 3189 983 3240 alteru
993 3203 1104 3255 garrera:
1116 3205 1138 3238 a.
1146 3204 1167 3239 c.
1177 3187 1216 3238 16.

192 3259 297 3324 ateana,
308 3262 432 3326 perdone.
458 3259 505 3310 lllit
519 3261 574 3310 dem
592 3276 623 3309 zu
636 3258 660 3325 ᾗ.
715 3277 738 3310 z.
751 3259 808 3310 Ant

158 3326 190 3376 57
204 3327 348 3376 erwiilmten
366 3327 477 3377 Theater
492 3329 537 3377 des
555 3328 661 3394 Pompe·
749 3328 1033 3379 menusaestduset:
1045 3330 1071 3375 et
1082 3324 1219 3376 nacholiae

155 3394 199 3458 jus
211 3409 297 3444 waren
316 3394 380 3443 zwei
397 3393 501 3461 Tempel
518 3397 563 3446 der
576 3396 661 3450 Venus
716 3396 793 3446 flodet
805 3396 857 3446 sloh
869 3396 938 3445 nieht
950 3396 1031 3444 selteu
1043 3394 1083 3445 bei
1092 3394 1143 3444 Cio.
1158 3400 1221 3443 stott

159 3464 208 3513 und
219 3463 332 3514 Victoria
349 3464 397 3513 und
410 3463 584 3528 Siiuleng‘dnge
601 3480 662 3514 vcr-
715 3465 759 3514 des
783 3463 999 3528 gewdbnlicberen
1025 3467 1112 3527 atqua·
1138 3461 1218 3512 deor.

157 3532 264 3582 bunden.
286 3528 294 3553 '
715 3531 755 3596 Ill,
769 3531 807 3597 18,
821 3530 853 3582 66
864 3531 916 3582 alia
925 3533 992 3581 enain
1004 3535 1031 3582 et
1042 3533 1108 3582 bona
1119 3529 1222 3580 etmala

191 3600 332 3652 Phalereus
343 3601 506 3652 benetune:
524 3599 541 3663 l,
557 3601 579 3663 l,
592 3600 616 3650 3.
715 3601 835 3651 addentur
846 3597 941 3650 Stoicis
953 3603 980 3649 et
990 3601 1083 3650 ceteris
1096 3600 1198 3650 eicitur.

193 3673 291 3719 tentam
300 3673 448 3737 pecuniam:
468 3668 662 3736 diePropyliien
749 3667 790 3718 62.
813 3668 925 3720 idoneis:
940 3666 964 3733 ξ.
979 3667 1020 3717 54.
1140 3680 1145 3683 ⁴

157 3737 327 3788 alleinsollen
340 3734 527 3788 2012'Taleute
545 3738 662 3800 gelostet
750 3736 791 3786 63.
815 3752 873 3787 eum
895 3738 1017 3788 intentam
1044 3735 1145 3786 bezicht
1168 3734 1221 3785 sich

157 3804 245 3867 haben,
255 3805 317 3854 decb
327 3806 484 3856 sebeintdies
494 3805 663 3855 iibertrieben.
715 3804 761 3855 aul
769 3808 944 3855 immernorem
957 3804 1081 3872 benipicte',
1096 3804 1135 3854 als
1147 3803 1178 3853 ob
1189 3819 1221 3853 an

193 3877 248 3922 turn
259 3875 350 3941 ipsum,
362 3889 435 3922 wenn
448 3874 485 3923 sie
497 3873 603 3922 ndrnliclr
613 3888 661 3922 von
685 3909 691 3922 .
716 3874 807 3923 desseo
817 3873 898 3923 Stelle
908 3872 1115 3923 einnbsueemm
1125 3872 1222 3935 stiinde,

159 3940 205 3988 deo
216 3939 368 3991 Umstiinden
381 3939 508 3991 erfordert
520 3940 586 4006 sind,
599 3940 663 3991 iiber
715 3941 770 4006 ‚dic
788 3940 1013 4006 Uoranttormit‘,
1037 3947 1101 3991 orat.
1123 3939 1169 4005 26,
1188 3938 1222 3989 68
