2772 4504
189 282 249 343 174
618 277 662 327 aa
679 272 816 327 ornans
881 214 1039 371 Meli*

186 537 248 580 non
263 517 372 579 utilitas
383 514 571 596 relinquenda
586 523 644 589 est,
666 516 719 577 sed
729 513 844 593 intelleg
882 513 952 577 dum
967 511 1017 576 ubi
1032 512 1182 592 turpitudo
1198 513 1247 587 sit,

186 604 227 664 ihi
245 603 397 665 utilitatem
416 621 481 664 esse
500 619 562 662 non
580 620 679 681 posse.
709 598 796 673 Quod
815 599 842 663 si
878 599 883 678 J
908 598 927 659 ‘l
941 609 987 660 est
999 607 1060 660 tam
1074 606 1178 660 eontra
1192 617 1247 661 na-

187 697 283 750 turam
297 707 385 768 quam
399 686 549 766 turpitudo
562 722 603 730 —
615 693 693 749 recta
704 684 783 746 enim
794 693 822 744 et
834 705 868 746 eo
892 683 1034 780 ualentia
1044 691 1073 745 et
1084 683 1248 771 eom-tantia

186 781 290 836 natura
305 773 449 837 desiderat
463 780 692 853 aspernaturque
707 770 850 833 contraria
865 804 909 853 'i
918 769 1047 849 nihilque
1062 777 1122 831 tam
1138 788 1246 831 seeun—

187 860 258 920 dum
276 866 411 920 naturam
431 877 518 937 quarn
538 858 659 931 utiliter,
679 863 755 917 uerte
774 855 804 916 in
820 855 920 917 eadem
935 874 967 916 re
981 853 1090 916 utilitas
1106 862 1136 915 et
1150 855 1246 934 turpi·

187 945 258 1007 tudo
274 962 416 1006 essenon
431 952 538 1023 potest.
564 941 744 1032 ltfflqui
758 941 796 1002 ad
810 942 995 1003 honestatem
1009 940 1070 1001 nati
1081 958 1184 1002 sumus
1196 960 1246 1002 ea-

188 1049 244 1109 que
258 1041 308 1092 aut
322 1030 385 1091 sola
399 1030 558 1109 expetenda
572 1036 628 1103 est,
649 1035 681 1088 ut
696 1026 807 1087 Zenoni
821 1026 915 1088 visum
931 1032 987 1099 est,
1007 1034 1057 1086 aut
1072 1034 1148 1086 certe
1164 1026 1247 1088 omni

86 1116 89 1121 ’
187 1116 319 1195 pondere
343 1115 456 1193 gravior
475 1115 606 1175 habenda
627 1131 714 1192 quarn
735 1111 845 1191 reliqua
865 1109 975 1184 omnia,
999 1110 1079 1189 quod
1097 1110 1248 1173 Aristoteli

187 1201 293 1279 placet,
312 1218 433 1261 neeesse
451 1207 509 1272 est,
530 1199 609 1278 quod
628 1199 787 1259 honesturn
806 1196 857 1269 sit,
877 1196 906 1258 id
926 1214 998 1275 esse¹
1013 1204 1062 1256 aut
1081 1196 1178 1261 solum
1197 1205 1249 1257 aut

188 1303 338 1346 summum
353 1285 478 1358 bonum,
499 1284 579 1364 quod
593 1292 689 1345 autem
703 1282 831 1355 bonurn,
852 1281 881 1342 id
897 1288 974 1342 uerte
988 1281 1068 1354 utile,
1088 1281 1141 1355 ita,
1161 1281 1247 1360 quid-

135 1382 167 1430 36
188 1369 258 1448 quid
271 1371 442 1444 honestum,
457 1370 485 1429 id
501 1369 577 1430 utile.
608 1369 719 1442 Quare
733 1386 816 1430 error
830 1367 984 1445 hominurn
998 1384 1061 1445 non
1074 1366 1248 1445 proborum,

10 1421 158 1539 liele&
188 1475 255 1516 curn
270 1455 387 1534 aliquid,
402 1455 479 1534 quod
495 1454 564 1515 utile
579 1453 674 1515 visum
689 1461 741 1527 est,
757 1451 892 1532 arripuit,
915 1452 947 1513 id
960 1450 1099 1512 continuo
1123 1452 1249 1513 secernit

43 1555 106 1636 qq]
139 1543 146 1564 ”
188 1540 224 1601 ab
244 1540 379 1600 honesto.
400 1540 484 1600 'Hine
497 1540 589 1613 sicae,
608 1539 677 1601 hino
691 1557 816 1611 venene,
836 1537 906 1598 hine
920 1537 990 1597 salsa
1005 1544 1179 1600 testamenta
1193 1555 1248 1598 na-

189 1633 324 1697 seuntur,
348 1624 418 1685 hino
436 1624 526 1699 farta,
546 1624 709 1703 peculatuS,
731 1623 919 1702 expilationes
940 1621 1176 1703 direptionesque
1195 1642 1247 1683 so-

189 1710 302 1779 ciorum
322 1717 351 1770 et
365 1708 484 1783 uirium,
504 1710 573 1770 hino
588 1728 679 1788 opum
693 1709 850 1769 nimiarum
865 1708 1012 1786 potentiae
1025 1725 1087 1769 non
1102 1708 1246 1781 serendae,

159 1844 162 1850 ⁴
188 1803 341 1874 postremo
360 1795 446 1859 etiam
466 1794 496 1855 in
515 1794 612 1855 liberis
629 1793 790 1855 civitatibus
805 1793 946 1871 regnandi
961 1792 1091 1855 existunt
1104 1792 1248 1873 cupidita-

107 1925 111 1946 ,
190 1893 243 1953 tes,
260 1879 453 1959 quibusnihil
466 1897 520 1940 aee
535 1880 654 1941 taetrius
666 1875 846 1953 nee'loedius
857 1878 1015 1957 excogitari
1027 1885 1133 1957 potest.
1155 1878 1247 1940 Erno-

23 1948 167 2053 aiiedtqs
188 1966 316 2027 lumenta
327 1965 411 2026 enim
427 1983 525 2025 rerum
541 1963 815 2049 fallapilppsiudieiis
830 1963 942 2037 vident,
963 1982 1089 2045 poenam
1103 1981 1165 2024 non
1181 1964 1246 2025 diso

141 2054 147 2101 ἓ
189 2051 299 2129 legum,
324 2068 397 2129 quas
422 2069 508 2129 saepe
531 2046 740 2130 pedpumpunt,
765 2049 817 2110 sed
837 2048 931 2128 ipsius
949 2049 1150 2127 turpitudinis,
1174 2069 1248 2128 quae

52 2092 96 2183 f
120 2148 168 2199 --37
190 2134 377 2199 acerbissima
398 2143 454 2209 est,
474 2153 535 2195 non
554 2134 579 2194 ν’
602 2143 659 2195 eut.
691 2135 787 2208 Quam
804 2134 842 2195 ob
856 2153 919 2195 rem
935 2135 993 2195 hoe
1007 2133 1125 2214 quidem
1140 2134 1248 2196 delibe-

225 2309 279 2356 lum
294 2321 344 2355 uolt
357 2304 455 2355 utilitas
467 2304 631 2371 relinquenda
643 2308 690 2368 est,
745 2322 818 2355 eume
831 2306 968 2355 horreolum
985 2307 1035 2367 ast,
1058 2307 1151 2356 bouum
1166 2307 1249 2370 &itur

190 2374 253 2423 dana
267 2372 324 2422 duri
333 2388 389 2423 man
402 2374 446 2423 das
458 2372 526 2423 nieht
535 2389 562 2422 so
572 2373 689 2436 ansehea,
745 2372 813 2439 qrurd
823 2377 869 2440 est,
881 2374 1017 2423 honestum
1029 2377 1079 2422 est:
1091 2389 1113 2422 a.
1124 2372 1153 2437 ll,
1167 2372 1190 2434 3,
1206 2372 1246 2423 10.

189 2440 227 2490 als
241 2441 315 2490 sollte
328 2456 382 2490 inan
396 2441 482 2490 seineu
491 2440 591 2492 Nutzeu
603 2439 690 2504 dulge—
780 2439 820 2490 36.
839 2457 912 2492 eruor
923 2442 1062 2506 lanaeum,
1075 2442 1097 2491 d.
1108 2443 1123 2492 i.
1134 2442 1245 2491 homines

190 2508 246 2558 ben.
511 2538 514 2543 ·
738 2516 875 2575 ‘errantes3
894 2526 916 2559 z.
930 2508 954 2573 ξ.
968 2508 991 2571 3,
1009 2508 1048 2559 tt.

200 2579 395 2628 souuenuntaa
414 2581 439 2627 et
454 2579 608 2627 euastanda.
641 2576 691 2627 Dos
770 2577 914 2642 fallacibus
935 2577 1047 2642 iudiciis,
1070 2578 1115 2628 init
1140 2578 1248 2642 triigeri-

187 433 285 497 rideas
310 432 476 495 adiunctam
500 431 527 492 ai
549 433 605 504 rei,
630 449 704 510 quae
727 390 1004 747 εροοίοιιξίἰίωιὶε
1021 423 1249 501 suuerujoan

189 2644 254 2694 Bdse
276 2646 344 2695 steht
366 2645 433 2695 nieht
452 2645 477 2694 in
496 2644 691 2696 Uebereinstim-
747 2647 820 2695 soher
833 2646 1001 2709 Bereohnuug.

189 2728 264 2776 marg
285 2713 329 2762 mit
349 2713 394 2763 der
411 2713 586 2776 veruiinltigen
602 2711 691 2775 Natus,
780 2730 844 2780 quas
877 2729 953 2781 saepe
969 2718 1161 2782 -parampuut
1202 2713 1249 2763 llio

142 2788 145 2795 '
169 2780 290 2829 tworaul
312 2779 363 2829 siolr
386 2783 568 2844 emendantia,
589 2782 638 2830 und
659 2781 692 2831 im
746 2781 820 2831 Hdss.
837 2782 916 2832 haben
934 2797 1021 2847 quam,
1038 2781 1172 2832 aberauch
1186 2781 1249 2832 ilrnv

167 2874 173 2911 r,
190 2846 372 2912 Widerspraoh
382 2849 427 2898 ruit
436 2849 487 2897 sich
497 2849 585 2913 selbst,
594 2847 695 2899 woraul'
745 2849 809 2899 liohe
822 2849 928 2911 Stellae,
940 2849 989 2898 wie
1001 2850 1026 2898 in
1039 2848 1114 2899 Verr.
1127 2850 1145 2899 l.
1156 2849 1173 2911 l,
1184 2850 1206 2913 5,
1218 2847 1249 2897 13

168 2912 243 2985 tsiel
256 2917 400 2966 sustantia
410 2916 518 2966 bezielrt.
746 2918 895 2981 aorrfu'rrgat
909 2918 960 2966 iste
975 2932 1039 2966 saue
1050 2920 1076 2966 ri
1086 2933 1135 2968 sua
1146 2917 1251 2967 coasilia

223 2983 349 3048 ltomque:
371 2985 416 3034 der
427 2984 504 3034 dritta
517 2984 691 3052 syllogismus,
745 2987 880 3048 senatoria,
892 2987 1053 3048 quaestiones
1067 2987 1181 3036 amrelmo
1189 3000 1252 3052 per·

190 3054 236 3103 der
256 3052 309 3105 sich
330 3068 379 3103 von
397 3053 452 3102 dem
470 3054 691 3116 vorhergeheuden
745 3056 858 3118 rurnpat,
870 3051 950 3101 evolet
961 3067 996 3100 aa
1007 3055 1095 3102 vestra
1106 3057 1251 3103 severatate.

189 3121 538 3185 nurwenigunterscheidet.
560 3120 691 3171 lnBeidea
745 3121 776 3170 de
797 3127 861 3185 part.
886 3134 922 3168 or.
946 3117 986 3179 34,
1013 3118 1062 3168 114
1079 3135 1253 3186 perrumpere

188 3188 692 3240 wirdetwusUulrewiesenesalsGrund-
743 3186 887 3256 perduellem
902 3189 1037 3250 vorm'o'gen
1054 3187 1101 3239 den
1115 3187 1251 3237 Ausdrnek

164 3280 168 3305 ;
188 3258 246 3320 lage
255 3258 300 3306 des
311 3256 436 3307 Beweises
446 3264 552 3320 gesetzt.
571 3258 622 3307 ller
632 3257 691 3324 Syl·
742 3273 854 3324 paurum
863 3272 1031 3326 perrarupere
1044 3255 1111 3307 nieht
1122 3271 1155 3306 au
1164 3256 1250 3307 recht-

189 3325 310 3387 logisrnus
332 3340 385 3374 urar
402 3326 441 3374 die
458 3324 534 3375 Faria
551 3327 596 3376 der
613 3324 691 3376 Reda.
745 3325 862 3389 fertigen.
1197 3351 1205 3366 ι

120 3400 129 3419 ’
190 3394 214 3442 in
233 3393 278 3442 der
294 3393 334 3443 die
347 3388 449 3442 Stoikei
463 3409 502 3443 am
519 3394 627 3445 lielsten
639 3394 692 3443 ihre
780 3396 862 3462 ipsius
872 3392 1048 3462 turpitudinis,
1067 3409 1130 3459 quae
1141 3393 1253 3443 uuba-

169 3494 173 3501 .
190 3461 267 3512 Sttza
279 3461 405 3512 bewiesen
419 3462 468 3510 und
477 3463 531 3512 ilrre
542 3461 694 3525 Gegneran·
746 3465 813 3512 sima
826 3466 873 3513 ost.
898 3462 933 3512 Es
946 3462 981 3511 ist
991 3450 1033 3511 'rein
1046 3461 1129 3524 hdulig
1140 3477 1190 3512 von
1203 3460 1251 3509 den

169 3548 174 3591 ς
191 3530 287 3593 grilion.
310 3528 423 3593 Tusull,
439 3530 478 3592 18,
491 3529 523 3578 42
537 3530 693 3596 spottetCie.
748 3529 866 3581 Stoilrern
876 3528 1253 3594 ausgesdhrterSota,dass‚so-

170 3598 252 3649 tiiber
263 3596 693 3657 dieaoutortulaoetnuuutaeeou-
748 3598 796 3646 wie
814 3599 853 3648 die
870 3597 975 3661 Tugend
995 3614 1027 3648 un
1044 3597 1095 3648 sich
1113 3595 1254 3660 gliialrselig

173 3658 361 3720 islariuueulae
371 3665 524 3717 Stoicorum.
747 3667 841 3729 maele,
859 3666 899 3715 die
912 3665 996 3716 Strafa
1011 3667 1055 3716 des
1068 3665 1148 3715 Bd'sen
1160 3664 1253 3714 annii·
1342 3676 1346 3681 ·

224 3750 327 3784 neeesse
342 3739 393 3798 est,
411 3733 479 3800 quod
492 3736 628 3786 liauestum
645 3738 691 3785 eet.
747 3733 830 3787 telber
846 3734 871 3784 in
888 3735 972 3800 seiner
989 3734 1077 3782 lunera
1096 3731 1253 3783 Besalalsen·

191 3800 312 3851 Derselbe
323 3803 490 3868 syllogismus
502 3803 551 3852 wie
562 3803 592 3852 de
601 3802 644 3853 lin.
653 3802 692 3867 111,
730 3803 799 3852 -heit
815 3802 888 3865 liege.
913 3801 1002 3851 Senee.
1020 3817 1034 3850 e
1052 3838 1058 3850 .
1076 3800 1116 3863 87,
1135 3800 1167 3850 24
1183 3804 1257 3866 atqui

191 3868 215 3931 8,
228 3868 259 3917 27
277 3869 346 3933 quod
360 3873 506 3919 astianum
519 3869 692 3921 ormrelauda·
746 3873 890 3920 ruaadmura
910 3817 1205 3938 sfflfflesss'oppliu'ma
1226 3870 1255 3918 in

148 4010 151 4016 ,
191 3936 238 3985 orta
252 3941 304 4000 est,
320 3937 388 4003 quod
401 3941 488 3988 autem
504 3938 630 3990 laudabile
645 3943 692 4002 est,
744 3940 867 4005 apresest.
974 3962 1090 4035 ww(
