2772 4504
166 272 226 333 128
598 270 642 321 nu
660 223 817 322 restituensx

163 424 402 504 ferocitatemque
422 424 485 486 eius
500 424 539 485 ita
553 424 708 503 repressit,
728 432 762 484 ut
777 423 858 485 facile
873 423 980 485 bellum
995 424 1116 504 reliquis
1131 425 1229 487 trade-

162 518 216 571 ret.
262 509 335 570 Cum
363 508 450 589 igitur
471 516 553 570 tanta
577 508 620 568 vis
646 509 773 570 iustitiae
791 509 843 582 sit,
864 516 897 570 ut
921 528 955 570 ea
974 508 1061 570 etiem
1080 510 1230 573 latronum

164 614 236 674 opes
251 595 348 654 firmet
362 603 447 674 atque
463 602 573 673 augeat,
594 598 731 674 quantam
747 595 811 655 eius
825 593 886 655 vim
900 594 976 657 inter
989 593 1066 674 leges
1081 606 1110 656 et
1123 595 1229 659 iudicia

106 681 146 741 12
164 688 193 741 et
207 679 236 739 in
253 679 410 741 constituta
424 698 457 740 re
471 680 586 759 publica
601 681 664 740 lore
676 676 839 758 putemus?
865 679 934 740 Mihi
947 678 1065 759 quidem
1077 698 1139 742 non
1151 681 1229 760 apud

111 775 142 825 lt
165 764 266 826 lledos
283 764 391 838 solum,
407 775 441 826 ut
455 764 495 825 ait
508 764 687 839 Herodotus,
701 765 753 826 sed
769 764 856 827 etiam
872 764 949 844 apud
964 764 1091 826 maiores
1106 774 1240 845 nostros

163 849 289 910 iustitiae
308 850 446 910 fruendae
467 868 553 911 causa
568 850 703 912 ridentur
722 849 792 910 olim
806 848 881 910 bene
895 849 1002 910 morati
1016 862 1101 930 reges
1117 852 1229 912 consti-

163 934 227 996 tuti.
258 934 333 995 Nam
354 953 421 996 oum
440 944 624 1014 premeretur
642 935 725 996 initio
746 934 903 995 multitudo
918 934 954 995 ab
970 935 1019 1008 iis,
1035 936 1085 1015 qui
1101 935 1228 998 maiores

164 1039 236 1099 opes
256 1019 415 1093 habebant,
435 1020 471 1082 ad
486 1038 579 1081 unum
595 1019 719 1100 aliquem
735 1018 942 1098 confugiebant
957 1020 1062 1081 virtute
1074 1030 1230 1100 praestan-

162 1113 236 1178 tem,
262 1105 311 1184 qui
337 1123 405 1166 eum
431 1105 598 1185 prohiberet
624 1105 729 1167 iniuria
755 1104 917 1176 tenuiores,
944 1105 1087 1184 aequitate
1117 1107 1227 1168 eonsti-

163 1190 271 1251 tuenda
286 1208 421 1250 summos
437 1209 503 1251 cum
519 1190 629 1251 intimis
644 1191 705 1269 pari
722 1191 785 1250 iure
799 1188 948 1261 retinebat.
974 1190 1142 1271 Eademque
1154 1209 1227 1252 con·
1312 1250 1316 1259 ,

109 1275 376 1336 destituendarum
396 1274 491 1353 legum
513 1275 567 1336 luit
587 1292 675 1337 eausa
695 1293 769 1355 quae
788 1293 915 1353 regum..
932 1274 989 1336 lus
1013 1274 1090 1337 enim
1111 1294 1229 1358 semper

162 1368 207 1420 est
227 1360 391 1439 quaesitum
412 1360 573 1439 aequabile:
594 1379 689 1440 neque
709 1359 788 1420 enim
807 1360 889 1420 aliter
908 1368 986 1420 esset
1005 1360 1059 1422 ius.
1095 1360 1125 1421 ld
1148 1359 1226 1421 siah

149 1462 222 1506 ,nno
237 1445 316 1506 iusto
332 1453 360 1505 et
374 1445 453 1505 bono
470 1445 531 1506 viro
548 1444 814 1525 consequebantur,
837 1451 920 1506 erant
935 1463 971 1507 eo
988 1440 1133 1506 contenti:¹
1159 1442 1227 1506 cum

163 1531 307 1590 idminus
328 1524 522 1608 contingeret,
549 1529 626 1608 leges
647 1540 716 1591 sunt
735 1529 881 1603 inventae,
907 1547 980 1608 quae
1001 1546 1072 1591 cum·
1088 1530 1226 1591 omnibus
1378 1604 1379 1615 χ

164 1633 282 1694 semper
306 1633 361 1675 una
386 1624 472 1694 atque
496 1616 597 1677 eadem
617 1635 688 1676 voce
708 1616 904 1694 loquerentur.
935 1612 1013 1693 Ergo
1033 1616 1092 1676 hoc
1107 1615 1226 1694 quidem
1305 1664 1309 1672 .

152 1700 352 1779 {perspicuum
372 1708 430 1773 est,
450 1719 501 1761 eos
522 1701 558 1761 ad
578 1699 784 1778 imperandum
804 1700 887 1780 deligi
907 1700 1023 1772 solitos,
1043 1719 1171 1780 quorum
1192 1701 1228 1760 cle

162 1785 271 1846 iustitia
285 1802 392 1863 magne
405 1794 483 1846 esset
499 1785 599 1864 opinio
616 1784 818 1847 multitudinis.
850 1785 993 1846 Adiuncto
1008 1804 1077 1846 vero
1092 1794 1124 1846 ut
1138 1785 1226 1845 iidem

162 1870 251 1931 etiam
267 1870 427 1948 prudentes
442 1869 628 1943 haberentur,
645 1871 717 1931 nihil
733 1879 794 1931 erat
810 1871 889 1950 quod
901 1869 1037 1931 homines
1049 1853 1226 1931 iisffimtori'·

163 1955 218 2015 bus
238 1973 299 2014 non
319 1973 409 2032 posse
429 1956 570 2034 consequi
590 1975 622 2016 se
641 1955 860 2017 arbitrarentur.
903 1955 990 2015 Omni
1009 1955 1097 2035 igitur
1115 1955 1227 2016 ratione

165 2040 285 2100 colenda
305 2047 332 2098 et
352 2039 503 2101 retinenda
519 2038 625 2102 iustitiis
645 2049 690 2102 est
710 2042 861 2120 cumipse
880 2058 934 2119 per
953 2059 1020 2100 sese
1034 2075 1076 2085 -
1091 2058 1159 2101 nam
1175 2039 1226 2101 ali-

163 2133 209 2184 ter
227 2123 336 2184 iustitia
351 2141 412 2184 non
427 2133 505 2186 esset
519 2161 560 2170 -
577 2133 639 2187 tum
654 2133 776 2205 propter
790 2124 1046 2205 amplificationem
1059 2125 1185 2187 honoris
1200 2134 1228 2186 et

164 2209 282 2286 gloriae.
340 2210 346 2217 “
993 2252 995 2259 >

250 2293 309 2355 Sed
341 2302 373 2355 ut
402 2295 540 2375 pecuniae
566 2312 629 2356 non
655 2296 835 2375 quaerendae
865 2295 962 2356 solum
987 2294 1061 2355 ratio
1089 2308 1145 2367 est,
1177 2316 1227 2355 ve-

165 2398 231 2440 rum
251 2379 338 2440 etiam
357 2379 542 2441 collocandae
563 2399 636 2459 quae
654 2389 815 2460 perpetuos
835 2388 971 2460 sumptus
991 2379 1157 2458 suppeditet
1171 2396 1227 2440 nec

201 2557 252 2617 12.
271 2567 312 2617 tt.
331 2570 363 2617 ut
378 2564 668 2630 cernennentes
723 2568 806 2616 maebt
817 2566 912 2616 wurde.

165 2650 222 2684 vom
233 2635 351 2685 Deiooes.
755 2636 905 2703 prohiberet
915 2636 1014 2686 intuma
1024 2638 1151 2686 tetriores
1161 2632 1226 2682 kann

200 2705 262 2753 eene
272 2705 370 2753 morati
376 2717 453 2766 reges
463 2705 602 2752 conrtttrrtt.
617 2701 668 2752 Cic.
723 2702 865 2766 abgeseben
875 2718 924 2752 von
934 2705 988 2754 dem
999 2701 1226 2763 Zusammcobunge

166 2770 239 2819 leitet
255 2769 310 2818 clso
327 2770 367 2818 die
379 2769 539 2832 Entstcluing
557 2770 602 2830 des
614 2768 668 2819 lto-
724 2771 796 2820 einen
813 2771 946 2836 doppelten
968 2771 1028 2821 Sinn
1050 2771 1136 2820 baben.
1165 2785 1189 2834 p.
1208 2769 1225 2818 l.

166 2835 670 2971 llllldlltllllllttlttltl
723 2837 1226 2969 ltt.ttt,ttttttlttttl'ttf
1306 2928 1319 2947 ,

166 2972 314 3023 Posidonius
335 2973 376 3022 bei
395 2971 597 3053 swfflb
614 2990 669 3039 aus,
723 2989 823 3043 merum
841 2973 986 3024 eadrmilate
1019 2975 1145 3025 redibere.
1175 2972 1226 3022 De-

166 3057 197 3091 an
215 3042 262 3091 den
284 3042 336 3092 sieb
354 3040 404 3091 Cic.
426 3041 466 3090 ber
488 3041 572 3092 dieser
589 3041 669 3092 Stelle
723 2991 1067 3106 gegenCees.h.Ga11.ii,28
1080 3042 1227 3092 utubiniu-

167 3111 280 3159 eduuert
292 3124 323 3159 zu
339 3109 417 3159 baben
431 3110 536 3160 sebeint.
560 3109 607 3160 Illo
617 3112 669 3176 iga'·
722 3111 764 3161 ria
776 3115 802 3159 et
811 3109 934 3175 maleficio
947 3127 976 3159 se
987 3125 1098 3175 reosque
1127 3109 1227 3160 rodibe-

166 3182 211 3229 tur
222 3179 334 3243 saeculo,
352 3178 421 3243 quod
430 3193 540 3228 curnem
549 3178 669 3247 perlabe-
722 3182 787 3242 rent,
797 3179 855 3227 dass
865 3179 901 3227 sie
908 3178 1033 3228 abbielten
1043 3193 1100 3227 vom
1106 3125 1225 3228 burnell.

167 3248 218 3308 tur,
229 3261 310 3312 penas
319 3246 547 3313 sapimtecfutbso
558 3262 670 3312 regnum
754 3249 817 3313 pari
831 3249 889 3298 ture
908 3248 1045 3309 renitebat,
1060 3246 1084 3295 d.
1098 3246 1113 3295 i.
1134 3244 1227 3295 erbielt
1378 3286 1379 3295 ,

166 3313 322 3375 Posidonius
333 3312 437 3364 iudicat.
461 3314 494 3365 m
507 3316 671 3366 continebunt
722 3314 992 3378 inReebtsgleiobbeit.
1017 3313 1127 3364 Sow‘rrd
1143 3311 1228 3376 biiulig
1337 3328 1341 3335 '
1378 3310 1379 3367 i

166 3396 260 3432 munus
272 3385 298 3432 et
308 3381 465 3447 tbfirmiorec
475 3398 493 3432 a
503 3382 668 3434 validioribus
723 3387 832 3434 retollere
840 3387 868 3434 et
874 3399 979 3434 seruare
990 3383 1149 3445 verbunden3
1163 3381 1187 3447 §-
1194 3379 1227 3430 83

167 3451 312 3502 tuebantur.
325 3447 424 3500 -Sed
431 3455 569 3518 postquam
580 3453 669 3502 rubre·
721 3467 773 3501 noa
796 3450 910 3502 dobellere
932 3455 1009 3518 atque
1031 3466 1119 3503 omnes
1139 3450 1228 3503 eadem

165 3521 284 3585 pentibus
295 3520 364 3570 titiis
375 3520 402 3568 in
414 3520 575 3585 tyrannidem
586 3534 669 3584 regna
721 3523 847 3586 aequitate
867 3522 997 3571 contenere
1018 3521 1052 3570 ist
1076 3520 1144 3570 niebt
1163 3533 1227 3582 ganz

166 3602 240 3637 rema
250 3592 318 3652 sunt,
329 3603 393 3656 opus
402 3603 459 3637 eree
468 3588 680 3658 eoepitlegtbur,
721 3587 846 3637 desselbe.

167 3669 229 3720 quac
242 3659 269 3704 et
277 3657 349 3722 iprae
360 3656 430 3706 inter
446 3657 522 3705 mitia
534 3655 614 3707 tulere
626 3670 669 3706 sa·
757 3654 797 3705 42.
820 3671 881 3706 nam
891 3655 979 3707 aliter:
992 3671 1065 3709 wenn
1075 3658 1111 3706 sie
1122 3655 1227 3706 nitmliob

165 3724 272 3789 pimtea.
298 3722 355 3784 Vgl.
368 3722 395 3771 (l.
408 3723 439 3773 de
457 3738 510 3788 rep.
524 3721 553 3786 ll,
569 3722 608 3786 12,
626 3723 667 3787 24,
722 3722 777 3773 blos
803 3724 848 3774 des
872 3723 986 3775 Nutzcns
1006 3739 1094 3789 weges
1119 3725 1227 3789 gepdegt

166 3804 207 3838 wo
225 3787 311 3839 Numae
335 3790 373 3839 als
389 3791 591 3855 Reispiel'ciues
615 3792 668 3857 sol·
721 3792 794 3841 wird.
819 3791 845 3841 S.
863 3792 928 3842 Eiol.
944 3792 993 3841 und
1019 3793 1068 3856 vgl.
1087 3809 1109 3842 z.
1128 3790 1228 3856 1,4,14

168 3857 229 3905 eben
241 3855 377 3918 angeliibrt
389 3857 461 3920 wird,
474 3858 572 3908 derum
585 3859 669 3908 seioer
722 3859 785 3908 iiber
796 3860 841 3909 des
853 3861 996 3910 honestum.

122 3974 125 3981 ¹
168 3921 330 3987 Tiiebtigkeit
346 3924 430 3973 willeu
448 3941 504 3976 zum
520 3923 603 3989 llbnig
623 3941 668 3990 ge·
754 3931 893 3995 perpetuos
901 3932 1029 3996 sumptus,
1038 3927 1226 3980 lucrementu-
