2772 4504
154 231 213 296 168
580 225 623 276 nn
642 223 796 277 euricus·

150 385 245 447 idem
272 381 360 453 utile
380 381 492 443 videtur
510 398 575 442 nec
600 379 688 441 utile
714 379 902 460 quicquam
925 380 1020 460 qued
1046 397 1118 442 non
1143 380 1209 442 bo-

151 477 305 544 nestum,
330 485 417 549 quam
441 465 477 528 ab
501 465 550 541 iis,
574 465 681 545 quibus
707 473 736 527 et
754 467 913 529 honestum
933 465 1039 547 aliquid
1060 485 1121 529 non
1140 467 1211 529 utile

128 558 135 635 ξ
151 563 180 617 et
198 553 267 616 utile
286 571 348 616 non
366 553 534 614 honestum.
563 550 654 612 Nobis
674 560 771 612 autem
785 559 888 613 nostra
901 551 1055 613 Academia
1070 570 1210 631 magnam

149 640 295 703 licentiam
315 639 376 711 dat,
401 645 446 712 ut,
471 637 678 717 quodcumque
696 637 822 698 maxime
840 636 990 717 probabile
1009 646 1155 712 occurrat,
1180 638 1210 700 id
1237 692 1244 705 .

149 733 255 787 nostre
270 724 333 785 iure
347 723 430 784 liceat
444 722 607 787 defendere.
638 721 695 783 Sed
710 722 797 784 redeo
813 724 849 783 ad
864 723 1039 785 formulam.⁴

113 820 133 876 5
235 810 392 871 Detrahere
412 807 499 887 igitur
517 807 597 869 alteri
618 807 725 888 aliquid
740 815 768 869 et
781 808 932 869 bominem
948 808 1078 870 bominis
1093 808 1224 877 iucem-1

97 911 128 961 21
151 895 242 958 modo
258 912 346 957 suum
361 894 552 954 commodum
567 910 671 972 augere
686 892 780 971 magis
795 900 841 954 est
856 901 957 955 contra
971 901 1106 959 naturam
1122 913 1210 974 mam

150 999 247 1053 mors,
263 998 351 1060 quam
365 989 538 1059 paupertas,
554 996 642 1056 quam
657 978 754 1052 dolor,
769 997 858 1057 quam
872 986 977 1051 cetera,
993 989 1067 1059 quae
1082 988 1211 1058 possunt

150 1073 201 1127 aut
225 1064 344 1144 corpori
368 1064 500 1126 accidere
524 1063 573 1124 a'ut
599 1063 688 1124 rebus
708 1064 844 1125 externis.
878 1064 952 1125 Nam
971 1064 1116 1145 principio
1136 1065 1210 1126 tollit

151 1150 318 1213 convictum
336 1150 498 1212 humanum
518 1156 546 1210 et
564 1148 742 1209 societatem.
774 1149 805 1210 Si
820 1150 900 1209 enim
915 1149 957 1211 sic
972 1150 1082 1211 erimus
1098 1149 1209 1226 adfecti,

150 1243 183 1298 ut
195 1243 319 1316 propter
329 1253 416 1297 suurn
429 1234 551 1315 quisque
563 1234 795 1297 emolumentum
806 1234 911 1314 spoliet
921 1242 971 1296 aut
982 1235 1068 1296 violet
1079 1235 1209 1311 alterum,

151 1320 296 1401 disrumpi
310 1339 431 1381 necesse
446 1327 492 1381 est
506 1338 584 1392 eam,
601 1338 674 1399 quae
690 1319 815 1381 maxime
830 1328 874 1381 est
889 1320 1050 1382 secundum
1064 1329 1208 1397 naturam,

55 1458 75 1475 ..
97 1420 129 1470 22
150 1405 269 1468 humani
293 1404 406 1485 generis
430 1405 608 1477 societatem.
644 1405 697 1478 Ut,
722 1405 747 1465 si
771 1423 863 1466 unum
888 1407 1028 1485 quodque
1045 1406 1210 1468 membrum

151 1509 272 1553 sensum
296 1491 376 1552 bunc
398 1491 531 1562 haberet,
556 1498 589 1551 ut
613 1509 702 1569 posse
720 1497 836 1570 putaret
855 1510 886 1551 se
905 1491 1014 1566 valere,
1040 1491 1064 1552 si
1084 1491 1212 1571 proximi

150 1575 275 1650 membri
288 1575 481 1638 valetudinem
496 1577 533 1639 ad
548 1595 580 1636 se
591 1574 779 1649 traduxisset,
794 1575 936 1637 debilitari
948 1584 975 1637 et
987 1575 1104 1645 interire
1116 1583 1210 1638 totum

133 1660 260 1744 ‘corpus
276 1680 395 1723 necesse
409 1669 500 1735 esset,
517 1661 574 1736 sic,
595 1662 619 1722 si
634 1680 713 1723 unus
729 1661 852 1741 quisque
866 1668 1002 1723 nostrum
1018 1662 1054 1722 ad
1071 1681 1103 1722 se
1116 1662 1212 1741 rapiat

150 1746 307 1810 commoda
330 1747 452 1809 aliorum
475 1746 662 1826 detrahatque
686 1748 765 1827 quod
786 1746 888 1826 cuique
907 1746 1003 1826 possit
1021 1747 1210 1811 emolumenti

149 1833 196 1895 sui
216 1831 320 1913 gratia,
346 1833 469 1894 societas
489 1832 644 1893 hominum
665 1839 693 1893 et
711 1832 910 1893 communitas·
927 1839 1071 1893 evertatur
1088 1851 1210 1895 necesse

150 1926 203 1982 est.
239 1918 314 1980 Nam
340 1919 394 1979 sibi
420 1925 452 1980 ut
472 1918 594 1999 quisque
613 1916 695 1979 malit
714 1917 793 1997 quod
814 1916 849 1978 ad
869 1936 956 1979 usum
976 1917 1050 1978 vitae
1069 1918 1211 1998 pertineat

149 2021 237 2084 quarn
253 2003 337 2064 alteri
348 2003 496 2082 acquirere
508 2021 683 2065 cencessum
694 2011 809 2064 estnon
821 2010 1003 2082 repugnante
1013 2010 1125 2079 natura,
1139 2003 1209 2065 illud

133 2095 253 2163 enatura
267 2106 328 2149 non
343 2088 466 2168 patitur,
478 2086 652 2180 utaliorum
668 2087 769 2169 spoliis
784 2094 903 2149 nostras
918 2088 1080 2163 facultates,
1099 2089 1209 2168 copias,

97 2167 139 2249 23}
152 2193 225 2253 opes
241 2192 407 2253 augeamus.
434 2174 534 2255 Neque
548 2193 617 2237 vero
632 2174 691 2235 boe
707 2173 804 2235 solum
818 2180 936 2259 upum,
947 2174 976 2234 id
991 2181 1046 2247 est,
1061 2174 1209 2259 beregen.-

129 2270 135 2289 ‘
150 2259 231 2334 dum,
247 2260 299 2321 sed
314 2259 401 2321 etiarn
415 2259 528 2338 legibus
544 2259 731 2340 populorum,
746 2258 853 2339 quibus
868 2258 899 2319 in
915 2258 1037 2338 singulis
1049 2260 1209 2322 civitatibus

74 2383 79 2387 >
127 2360 131 2419 ζ
150 2363 196 2406 res
222 2344 336 2424 publica
361 2343 540 2420 continetur,
562 2344 666 2406 eodem
691 2344 782 2406 modo
803 2344 993 2406 constitutum
1013 2353 1074 2419 est,
1098 2353 1211 2407 utnon

149 2430 232 2492 liceat
246 2430 292 2492 sui
308 2431 457 2492 commodi
473 2450 560 2492 causa
575 2448 682 2491 nocere
696 2429 786 2491 alteri.
813 2429 877 2491 Hoc
887 2429 966 2491 enim
979 2437 1111 2509 spectant
1121 2430 1209 2510 leges,

28 2521 164 2627 ‘fimus
177 2523 359 2667 {mboque
380 2603 495 2651 maedam
523 2599 653 2668 probabile
706 2597 838 2650 Vortbeile
868 2599 975 2663 geboteu
1004 2600 1116 2650 werden.
1159 2600 1211 2651 lter
1247 2566 1274 2666 ’Χ

150 2672 283 2720 occurret:
304 2683 327 2718 e.
341 2667 366 2734 ξ.
378 2667 418 2718 33.
440 2667 514 2718 Tusc.
528 2667 558 2731 V,
570 2665 651 2732 11,33
707 2667 799 2718 zweite
811 2666 975 2734 Hauptgrund
992 2667 1056 2732 folgt
1075 2667 1099 2734 ξ.
1114 2667 1146 2718 26
1166 2668 1211 2719 urit

151 2736 215 2788 Cum
224 2736 282 2787 auu
291 2735 434 2797 istomodo,
447 2737 653 2802 qnilegobnee'm·
705 2735 811 2798 Dea‘rede,
824 2736 870 2786 der
881 2736 958 2787 dritte
976 2734 1001 2800 ᾖ.
1014 2735 1045 2785 27
1063 2736 1109 2785 mit
1124 2738 1211 2802 Atque

148 2807 241 2872 poea'bb
253 2803 399 2872 disputant:
411 2821 459 2855 nor
471 2807 497 2854 io
509 2804 578 2854 dien
588 2805 651 2854 adai·
706 2805 793 2855 ettam.
826 2803 930 2854 Endlicb
949 2803 1065 2853 schlicsst
1082 2804 1135 2853 sich
1153 2805 1209 2855 eine

149 2889 222 2937 mea,
244 2871 417 2938 quodcumque
433 2876 539 2924 norbae
552 2874 651 2923 mebrnoe
706 2871 889 2934 Widerlegnng
898 2871 980 2934 darer,
990 2870 1084 2920 welche
1095 2871 1208 2923 denSutz

147 2940 280 3010 probabile
289 2941 425 3009 percussit,
437 2940 466 2991 td
475 2939 591 3005 dicimus,
603 2944 652 2991 ita-
706 2956 753 2991 nur
764 2937 916 2990 besebrdnkt
932 2937 1092 2987 anerkennen
1106 2939 1208 3004 wellen,

149 3026 198 3076 que
208 3007 258 3060 soli
269 3024 359 3060 eumue
371 3009 451 3060 libert
706 3008 730 3075 §-
743 3008 775 3057 28
787 3006 832 3063 nit
844 3005 912 3059 Nam
923 3004 986 3056 illud
996 3005 1097 3071 quidem
1108 3022 1148 3057 an.

183 3070 215 3128 b·
239 3077 280 3128 21.
302 3079 443 3146 principio:
459 3075 578 3144 1,4,1t.
601 3076 651 3127 Das
740 3098 780 3149 22·
815 3113 896 3153 ,mum
920 3096 1033 3163 quom,
1052 3100 1208 3147 mmmm,

149 3145 652 3225 qffllfflffll'tsslbllmfflli⁸f²di⁰m⁰¹¹⁸⁰ll
706 3167 756 3218 Cic.
769 3166 866 3217 sebeint
877 3181 908 3216 an
922 3166 961 3215 die
973 3163 1051 3215 nebel
1063 3165 1107 3215 des
1120 3164 1206 3214 Menc—
1287 3178 1298 3217 t

149 3214 214 3264 lucbe
240 3212 410 3264 Geselleebaib
437 3213 501 3263 wrrd
530 3216 652 3278 zeretbrt,
705 3236 762 3286 „ius
773 3234 1044 3301 Agrippazuqenkffl,

147 3295 221 3331 wana
231 3280 448 3332 wirumunsores
457 3281 586 3334 Vortbeile
596 3280 652 3331 wil·
1172 3325 1177 3337 ,

148 3349 189 3399 len
199 3348 301 3400 Abdere
311 3349 533 3413 beeintrdcbtigen.
559 3350 651 3400 Danum
669 3368 672 3373 ³
738 3343 790 3379 '²⁰⁷‘
799 3331 960 3397 ''dudm‘'
968 3330 1072 3378 mmm·
1086 3325 1209 3377 wasme?

148 3417 274 3468 verbim,
286 3417 369 3468 diem
392 3417 415 3481 1)
433 3419 478 3469 d„
489 3417 650 3482 Natumcht,
706 3402 781 3446 unter
792 3400 931 3469 natuoalzu
943 3395 1079 3477 verstehen
1087 3388 1129 3459 ist,
1142 3395 1209 3476 zeigt

148 3485 174 3548 2)
192 3485 231 3536 die
244 3484 354 3566 qaum
371 3483 544 3563 dossum,
568 3486 592 3549 3)
610 3487 651 3536 die
705 3464 750 3513 das
762 3463 903 3544 llolgende:
923 3462 1078 3582 namraMed
1088 3467 1135 3527 eet,
1152 3478 1209 3514 aare

148 3553 296 3618 allgememe
309 3555 507 3620 Weltordnung,
527 3555 589 3605 nach
605 3556 652 3604 der
703 3536 831 3598 &mam
841 3533 895 3612 alm.
906 3532 1016 3612 daldem
1032 3534 1154 3610 .⁰¹¹⁸⁰¹¹⁹¹¹
1164 3546 1209 3610 Ψ

149 3622 189 3672 die
203 3620 338 3685 Tuscum
357 3624 402 3673 de,
414 3624 585 3674 communita,
601 3623 651 3672 und
705 3599 817 3664 guberne
838 3599 1077 3665 Billigkertsgelubl‚
1102 3600 1148 3679 das
1169 3600 1208 3649 dre

90 3720 94 3729 θ
127 3690 298 3756 'magnitudo
310 3693 391 3741 anim,-
407 3692 453 3741 dm,
468 3690 650 3741 nemnem
706 3666 851 3751 Grundlage
873 3668 917 3717 des
938 3667 1105 3748 Naturreebts
1125 3667 1211 3733 bildet,

147 3756 520 3824 Naturentsprecbendersind,
533 3759 651 3808 alswenn
705 3737 749 3816 ‘¹9⁵
769 3752 811 3786 Μ’
826 3736 947 3786 natum
968 3751 1000 3784 ¹¹¹¹
1018 3734 1160 3798 Gegensatz
1177 3751 1209 3784 ²¹¹

147 3839 207 3886 nus,
229 3825 382 3888 losgertssen
403 3842 453 3875 von
471 3828 516 3876 der
536 3827 650 3875 mensch·
705 3804 782 3854 αυῑῖθ·
1048 3862 1052 3865 e

148 3892 231 3942 lieben
255 3890 439 3961 Gcsellsebab,
469 3893 519 3944 alle
544 3894 662 3944 dusecrn·
740 3893 781 3945 23.
800 3897 855 3948 sui:
873 3892 992 3958 z.11,21,
1006 3891 1045 3944 73.
