2772 4504
534 337 594 388 LlB.
607 337 637 389 ll.
664 336 734 389 CAP.
748 339 789 389 22.
803 298 860 388 22.δ
1047 338 1053 347 ’
1155 341 1215 403 149

154 493 242 568 mins,
252 509 323 555 num
334 493 402 573 quid
414 493 572 575 copiosior,
583 511 650 554 cum
662 492 896 571 copiosissimam
908 492 1011 554 urbem
1022 493 1152 555 funditus
1163 512 1214 555 su-

155 576 302 640 stubssat?
321 578 430 640 ltaliam
446 597 552 640 ornare
567 597 653 659 quam
670 577 792 639 domum
808 595 891 639 suam
904 577 1012 639 maluit.
1032 578 1148 640 Nullum
1160 580 1214 659 igi-
1236 595 1267 643 77

155 673 203 725 tur
216 664 317 726 vitium
332 665 453 725 taetrius
468 671 527 737 est,
543 671 574 725 ut
590 682 640 737 eo,
651 663 735 740 xunde
749 681 864 741 egressa
879 673 931 736 est,
946 665 1060 741 referat
1067 682 1099 724 se
1115 665 1216 739 oratio,

155 769 243 829 quam
259 748 383 822 avaritia,
399 746 576 829 praesertim*
587 749 617 808 in
632 747 813 828 principibus
828 757 857 809 et
870 767 932 810 rem
946 749 1094 828 publicam
1108 750 1214 828 guber-

132 877 137 884 =
155 834 301 896 nantibus.
331 833 444 895 Habere
464 833 543 895 enim
564 833 696 913 quaestui
712 852 774 893 rem
790 833 934 912 publicam
950 852 1011 895 non
1028 834 1118 896 modo
1130 842 1178 896 tur

155 927 212 993 est,
233 919 284 980 sed
304 919 474 980 sceleratum
491 920 577 981 etiam
598 927 626 980 et
644 917 795 989 nefarium.
826 919 926 999 ltaque
944 920 1024 998 quod
1038 854 1224 1000 Apolldlff'

155 1005 233 1066 thius
253 1005 403 1086 orantium
424 1004 525 1079 edidit,
548 1004 697 1084 ‘Spartam
717 1004 793 1065 nulla
814 1024 845 1065 re
866 1004 918 1065 alia
938 1004 995 1065 nisi
1014 1003 1130 1066 avaritia
1151 1024 1216 1066 esse

155 1089 336 1173 periturpm’‚
348 1089 377 1150 id
388 1089 501 1152 ridetur
511 1107 572 1151 non
585 1091 681 1151 solum
693 1090 939 1164 Lacedaemoniis,
955 1090 1005 1150 sed
1018 1090 1104 1151 etiam
1117 1090 1214 1150 omni-

154 1177 209 1236 bus
220 1170 377 1255 opulentis
395 1175 512 1255 populis
528 1175 717 1254 praedixisse.
748 1174 829 1236 Nulla
844 1183 939 1236 autem
956 1174 1155 1239 reconciliare
1171 1176 1213 1235 la*

154 1261 235 1323 cilius
262 1260 492 1322 benevolentiam
516 1259 710 1322 multitudinis
735 1268 864 1339 possunt
886 1259 920 1333 ii,
946 1260 995 1339 qui
1020 1260 1062 1321 rei
1084 1259 1215 1341 publicae

136 1355 302 1425 ‚praesunt
320 1364 408 1425 quam
423 1346 596 1407 abstinentia
611 1354 639 1406 et
654 1345 840 1406 continentia.

240 1431 296 1504 Qui
312 1449 381 1491 vero
398 1450 430 1490 se
444 1431 601 1509 populares
618 1430 720 1490 volunt
740 1430 778 1490 ob
793 1447 915 1509 eamque
931 1448 1050 1490 causam
1066 1437 1115 1491 aut
1129 1447 1213 1508 agra·
1234 1442 1266 1491 78

6 1520 7 1529 ’
80 1590 84 1597 ἢ
154 1516 228 1577 riam
240 1533 302 1576 rem
314 1523 468 1595 temptant,
479 1524 513 1576 ut
522 1534 713 1595 possessores
725 1515 868 1595 pellantur
877 1515 939 1575 suis
951 1514 1080 1589 sedibus,
1096 1522 1147 1576 aut
1160 1533 1213 1594 pe-

6 1610 7 1619 ’
156 1600 260 1662 cunias'
271 1600 394 1661 creditas
410 1599 589 1662 debitoribus
605 1600 814 1662 condonandas
829 1609 943 1679 putant,
959 1599 1131 1661 labefactant
1143 1601 1213 1669 lun-

155 1686 288 1747 damenta
303 1685 345 1746 rei
356 1684 496 1767 publicae,
512 1685 700 1747 concordiam
712 1685 852 1765 primum,
869 1703 941 1765 quae
953 1702 1091 1745 essenon
1103 1692 1212 1764 potest,

156 1790 222 1833 cum
242 1770 304 1832 aliis
324 1770 505 1845 adimuntur,
524 1770 589 1832 aliis·
608 1770 812 1832 condonantur
827 1769 976 1850 pecuniae,
993 1769 1097 1830 deinde
1113 1769 1212 1849 aequi·
1277 1782 1285 1802 ’

153 1864 256 1930 tatem,
273 1874 347 1936 quae
361 1856 472 1918 tollitur
486 1856 597 1926 omme,
613 1857 638 1917 si
653 1855 762 1917 habere
777 1874 864 1917 suum
880 1854 983 1934 cuique
998 1871 1060 1915 non
1074 1854 1149 1916 licet.
1180 1854 1213 1915 ld

153 1942 231 2005 enim
252 1949 297 2002 est
316 1941 483 2028 proprium,
503 1949 536 2002 ut
556 1960 645 2022 supra
666 1941 738 2013 dixi,
760 1940 879 2002 civitatis
901 1947 986 2020 atque
1005 1939 1102 2011 urbis,
1114 1940 1213 2041 vursit
1285 1931 1289 1939 ’

152 2027 242 2089 libera
262 2035 291 2087 et
304 2044 366 2088 non
386 2026 506 2107 sollicita
522 2046 592 2088 suae
611 2027 653 2087 rei
673 2027 815 2106 cuiusque
831 2025 970 2086 custodia.
1000 2026 1093 2104 Atque
1112 2043 1143 2086 m
1158 2025 1213 2089 bac
1233 2034 1265 2085 79

190 2111 279 2172 micie
294 2112 337 2173 rei
351 2112 483 2191 publicae
495 2130 531 2173 ne
546 2112 624 2173 illam
638 2113 756 2190 quidem
770 2118 991 2190 consequuntur
1005 2129 1093 2189 quam
1108 2088 1315 2189 putantilffl
1326 2110 1378 2197 353

57 2133 282 2393 wedam.
304 2195 379 2257 din
394 2196 439 2258 oui
454 2206 617 2276 reserepta
632 2203 676 2257 est
691 2205 736 2258 est
750 2197 901 2257 inimicus:
923 2194 968 2256 oui
984 2195 1050 2257 data
1065 2202 1110 2256 est
1125 2195 1292 2303 adamam
1315 2202 1374 2301 4,,ίῖ-

39 2198 51 2253 t'

37 2302 48 2315 a.

43 2398 46 2406 ι

152 2132 171 2193 P

116 2246 316 2375 [dissimulat
335 2300 367 2342 se
387 2281 517 2361 accipere
541 2281 667 2342 voluisse
687 2290 715 2342 et
736 2279 861 2342 maxime
887 2280 918 2341 in
936 2280 1070 2359 pecuniis
1096 2279 1222 2347 creditis¹
1280 2300 1295 2311 ‘¹

154 2368 278 2430 occultat
296 2385 385 2429 suum
405 2366 557 2446 gaudium,
581 2385 620 2428 ne
637 2366 767 2428 videatur
785 2383 846 2427 non
873 2366 963 2429 luisse
989 2365 1140 2426 solvendo.
1175 2364 1212 2426 tr
1344 2318 1361 2429 l

152 2472 221 2515 vero
236 2452 290 2527 itte,
306 2452 356 2533 qui
372 2452 483 2532 accepit
497 2452 643 2525 iniuriam,
659 2460 688 2512 et
700 2451 833 2512 meminit
844 2459 872 2511 et
882 2469 952 2530 prae
965 2469 997 2511 se
1009 2452 1065 2511 fert
1079 2449 1211 2510 dolorem

153 2557 254 2609 suum,
271 2555 340 2613 nec,
361 2539 387 2598 si
401 2538 499 2617 plures
517 2544 586 2599 sunt
600 2536 634 2611 ii,
655 2536 761 2616 quibus
776 2534 911 2616 improbe
927 2535 1027 2595 datum
1042 2542 1101 2608 est,
1124 2552 1212 2613 quam
1271 2559 1274 2565 ·

151 2623 199 2695 illi,
215 2623 321 2702 ‹pribus
336 2622 443 2683 iniuste
458 2622 627 2702 ademptum
643 2630 697 2694 est,
712 2622 821 2683 idcirco
834 2621 900 2701 plus
912 2619 999 2680 etiam
1016 2619 1117 2680 valent.
1144 2619 1212 2679 Non

152 2709 231 2773 euim
246 2725 370 2770 numero
386 2708 457 2769 haec
476 2707 649 2782 iudicantur,
665 2707 716 2768 sed
731 2707 871 2787 pondere.
902 2706 996 2780 Quam
1012 2712 1108 2766 autern
1124 2704 1234 2767 habet‘

25 2328 33 2341 4

32 2392 39 2403 υ

77 2902 79 2907 ’
184 2912 398 2964 lutmiorum
421 2908 653 2974 luBczugaufdie
707 2908 1047 2976 kamenesundTbeopomp
1064 2908 1211 2965 solleudies

150 2979 332 3044 liunstwerlre‚
356 2979 452 3031 welche
474 2980 551 3030 durcb
572 2977 653 3029 Mum·
706 2978 804 3029 'Orakel
817 2978 931 3029 erbalten
944 2978 1033 3027 baben.

150 3049 213 3099 mius
231 3049 291 3098 nacb
308 3047 370 3099 lium
391 3049 494 3112 lamen,
516 3055 574 3111 sagt
589 3047 654 3098 Plio.
743 3048 783 3097 78.
801 3048 936 3112 agrariam
947 3060 1003 3096 rem
1015 3048 1153 3114 temptante
1166 3045 1212 3094 der

150 3114 273 3180 XXXIV,
291 3116 314 3178 7,
335 3117 365 3166 17
389 3115 531 3167 Mummius
556 3116 654 3166 dococta
708 3115 829 3165 steben'de
853 3114 987 3164 Ausdruck
1011 3114 1052 3163 l'rir
1074 3111 1211 3176 ‘Ackerge-

125 3197 131 3204 “
151 3187 250 3245 Acbua'u
260 3183 366 3253 raptast
376 3185 465 3235 urbem
481 3201 531 3235 nun
549 3183 653 3235 relictu-
708 3190 779 3234 setze
792 3184 816 3233 iu
831 3182 972 3246 Vorscblag
983 3180 1105 3246 bringen'.

151 3269 198 3305 rus
207 3252 281 3320 filice
293 3252 385 3303 dotem.
739 3266 906 3320 possessores
927 3250 982 3300 sind
1004 3251 1072 3300 nicht
1087 3248 1210 3311 besitzer,

186 3324 367 3387 aegresceret,
401 3317 583 3383 abgescbwailt
612 3318 654 3369 ist.
708 3320 817 3370 sonderu
839 3317 943 3368 lnbaber
964 3334 1013 3369 rou
1035 3317 1209 3369 Staatsl'ainde-

153 3388 223 3440 Brut.
235 3386 281 3452 21,
293 3387 325 3438 82
343 3391 366 3437 tr
381 3389 501 3455 prouocps
522 3403 536 3436 c
553 3386 654 3437 Lobbis
707 3388 791 3448 reicn3
806 3403 826 3437 s.
835 3395 924 3447 nuten.

151 3457 194 3508 ida
207 3460 339 3508 oratorum
348 3458 457 3524 propriu
469 3459 496 3505 et
506 3458 581 3521 quasi
591 3455 654 3520 legr'-
738 3457 861 3524 pecunius
882 3454 994 3506 creditur
1011 3458 1077 3521 cet.‚·
1092 3455 1136 3503 das
1154 3453 1210 3503 siud

152 3528 215 3576 tima
227 3539 306 3593 opera
322 3527 453 3586 tractutdt,
470 3527 502 3574 ut
517 3523 653 3589 egredere·
709 3525 809 3576 tabulae
818 3539 898 3575 noa-ae
910 3521 934 3589 ξ.
948 3523 989 3573 84.

152 3599 195 3645 tur
217 3610 234 3644 u
279 3596 393 3662 reposito
424 3591 533 3644 emundi
566 3607 653 3642 causa.
742 3592 782 3642 79.
811 3591 930 3643 solvendo
953 3607 1021 3641 esse:
1046 3606 1102 3639 erse
1121 3590 1164 3638 bat
1184 3588 1209 3638 iu

152 3663 235 3728 Quint.
249 3609 277 3725 ζ
287 3660 315 3725 3,
335 3658 365 3711 12
382 3662 447 3711 bunc
458 3663 561 3729 purtem
578 3677 653 3729 παρ·
707 3662 790 3710 dieser
800 3660 941 3710 Redensart
952 3658 991 3708 die
1002 3657 1148 3721 Bedcutuug
1158 3673 1209 3707 von

153 3732 265 3801 t‘xsspurv
299 3734 391 3782 cocant
425 3727 527 3791 Gracci,
566 3728 655 3780 Leuni
704 3726 1210 3796 paromeose‚wiciuoncri,boncrise·

152 3814 260 3865 egressu
313 3797 336 3848 el
346 3801 527 3866 egressionem.
706 3797 786 3848 rende
799 3813 862 3848 esse.
884 3822 917 3830 -
938 3793 1060 3861 pondero,
1079 3795 1103 3844 d.
1112 3794 1129 3843 i.
1148 3794 1208 3843 uach

204 3882 233 3918 or
290 3882 347 3917 um:
382 3861 410 3917 ‘A
443 3866 653 3983 prloppppurtu
707 3866 763 3915 dem
773 3862 1123 3925 Ausebcn,dcrbedeutung.

152 3930 289 4000 Σπάρταν
298 3927 436 3997 ὀλεῖ,ἒίλλο
447 3931 478 3984 dt
488 3950 521 3983 ou
543 3932 652 3984 currat.
743 3933 823 3996 Quum
839 3932 915 3981 babet
934 3933 1096 3997 aequitatem.
1127 3927 1210 3979 Wenn

153 4004 210 4056 inst.
223 4002 282 4053 Lac.
292 4018 315 4070 p.
325 4001 410 4053 239F.
435 4001 481 4051 bie
494 3999 590 4064 lidnige
607 4001 653 4053 Al·
707 4002 747 4051 dic
772 4000 913 4067 optimaten
943 4000 989 4049 den
1014 4000 1111 4062 Antrag
1139 3997 1210 4047 einer
