2772 4504
540 331 641 384 nnn.
669 332 740 385 cue.
754 334 793 383 ιτ.
810 333 848 383 ra.
1165 320 1238 397 141'

87 486 94 493 '
169 506 237 568 que,
264 489 313 568 qui
332 488 431 563 saciat,
452 505 640 550 communem
659 487 778 549 hostem
798 486 964 549 tenuiorum
984 496 1094 567 putant.
1129 490 1224 569 Atque

167 575 239 651 haee
258 573 419 652 benignitas
444 574 532 635 etiam
550 573 592 634 rei
611 572 742 652 publicae
762 580 807 633 est
820 572 913 646 utilis,
938 573 1041 649 redimi
1056 594 1071 635 e
1087 575 1222 636 seruitute

168 648 279 738 captos,
295 647 463 739 locupletari
477 658 640 720 tenuiores:
662 658 741 739 quod
756 657 875 738 quidem
886 658 1103 737 vulgo‘solitum
1115 659 1176 720 fieri
1187 659 1223 720 ab

168 744 270 805 ordine
296 734 458 806 nostro'in
484 745 618 806 oratione
644 745 741 806 Crassi
767 744 909 825 scriptum
937 743 1057 823 copiose
1084 746 1222 806 videmus

150 864 152 875 ι
167 829 250 891 Hanc
259 847 330 909 ergo
343 829 584 893 consuetudinem
595 828 779 908 benignitatis
788 828 933 908 largitioni
943 848 1099 893 munerum
1110 831 1221 909 [longe]

168 922 326 992 antepono.
361 914 439 978 Haec
463 923 510 978 est
535 916 665 994 gravium
684 915 840 975 hominum
859 922 944 993 atque
962 934 1152 995 magnorum,
1178 915 1224 976 illa

168 1000 252 1079 quasi
267 1011 486 1063 assensatorum
501 1001 603 1081 populi
617 999 810 1062 multitudinis
825 999 968 1062 levitatem
982 1001 1129 1080 voluptate
1141 1002 1223 1081 quasi

166 1085 351 1148 titillantium.
391 1085 549 1173 Conveuiet
573 1094 670 1150 autem
700 1104 765 1147 oum
790 1086 821 1147 in
841 1086 937 1147 dando
962 1087 1224 1163 munificumesse
1244 1092 1277 1142 64

118 1198 121 1205 ·
165 1178 227 1232 tum
243 1171 275 1232 in
289 1173 429 1251 exigendo
445 1168 507 1234 ri'on
518 1172 659 1234 'acerbum
674 1171 707 1232 in
720 1170 859 1251 omnique
873 1190 904 1231 re
920 1164 1132 1245 contrahenda,
1152 1190 1223 1233 ven-

166 1257 261 1319 dendo
287 1258 426 1332 emendo,
451 1258 642 1320 conducendo
662 1258 800 1330 locando,
825 1256 1019 1318 vicinitatibus
1042 1266 1070 1319 et
1089 1257 1223 1321 confiniis

165 1361 303 1422 aequum,
322 1344 448 1416 facilem,
469 1344 559 1404 multa
578 1342 678 1407 multis
698 1342 734 1402 de
755 1361 808 1402 suo
829 1343 891 1403 iure
907 1342 1073 1415 cedentem,
1095 1342 1223 1403 alitibus

166 1445 235 1488 uero
257 1434 400 1505 quantum
419 1427 503 1488 lioeat
524 1436 553 1488 et
570 1428 671 1489 nescio
691 1445 728 1487 an
743 1426 838 1505 paullo
855 1427 920 1504 plus
937 1427 1023 1503 etiam
1040 1446 1127 1506 quam
1141 1428 1224 1488 liceat

167 1512 383 1572 abhorrentem.
412 1513 466 1573 Est
485 1513 563 1573 enim
584 1529 645 1573 non
665 1513 754 1573 modo
774 1511 891 1572 liberale
910 1512 1038 1591 paullum
1058 1531 1224 1575 nonnum·

167 1614 253 1675 quam
280 1597 315 1657 de
341 1616 396 1658 suo
424 1597 486 1658 iure
505 1598 660 1682 decedere,
686 1598 738 1659 sed
758 1597 904 1658 interdum
924 1598 1009 1658 etiarn
1030 1598 1222 1661 fructuosum.

120 1709 124 1717 ¹
166 1681 304 1765 llabenda
324 1689 423 1744 autem
441 1682 515 1744 ratio
535 1683 643 1744 estrei
663 1681 824 1756 lamiliaris,
845 1701 931 1761 quam
949 1682 1066 1761 quidem
1081 1683 1167 1744 dilabi
1183 1683 1224 1744 si-

164 1784 240 1863 pffl.
260 1765 438 1851 flagitjosum
463 1775 520 1843 est,
544 1768 670 1839 sedita,
695 1775 727 1828 ut
745 1767 940 1840 illiberalitatis
962 1767 1153 1848 avaritiaeque
1172 1768 1223 1829 ab·
1322 1826 1325 1833 .

166 1861 204 1913 sit
234 1851 374 1932 suspicio.
415 1855 519 1929 Posse„
540 1854 617 1914 enim
644 1852 810 1914 liberalitate
838 1853 879 1913 uti
903 1871 964 1914 non
991 1854 1166 1932 spoliantem
1192 1873 1224 1913 se
1269 1864 1272 1869 ’

166 1937 343 2017 patrimonio
373 1938 513 2000 nimirum
544 1946 590 2000 ost
618 1938 758 2018 pecuniae
788 1938 900 2023 tructus
930 1938 1085 2000 maximus.
1135 1938 1224 1999 Recte

166 2023 253 2084 etiam
268 2043 284 2084 a
299 2023 504 2103 Theophrasto
519 2033 563 2085 est
574 2025 689 2101 xlaudata
703 2012 895 2103 hospitalitas.
925 2025 980 2085 Est
995 2025 1087 2095 enim,
1108 2031 1139 2085 ut
1152 2024 1224 2084 mihi

168 2108 285 2187 quidem
295 2108 418 2182 videtur,
430 2109 510 2170 valde
522 2111 661 2190 decorum
673 2117 770 2189 patere
782 2109 888 2169 domus
901 2109 1054 2171 hominum
1067 2109 1224 2171 illustrium

167 2193 333 2273 hospitibus
354 2194 527 2268 illustrihuS,
545 2182 636 2274 ‘idque
656 2195 742 2256 etiam
764 2194 806 2254 rei
826 2193 957 2274 publicae
977 2203 1021 2256 est
1036 2203 1223 2266 ornamento,

167 2364 273 2413 etiami
282 2363 451 2428 quorumdam
459 2362 671 2429 prandet-roa?
720 2379 782 2428 gean
795 2362 926 2430 Caepionis
940 2364 1223 2425 (diiiberdnsGesetzt

168 2436 208 2482 ert
216 2435 360 2500 poetarum,
373 2436 458 2482 tomen
468 2435 495 2482 in
505 2449 535 2483 ea
544 2433 577 2495 (in
588 2431 669 2497 poliri)
723 2434 815 2494 oratio,
828 2434 855 2480 ia
867 2449 917 2497 poa
929 2436 955 2482 et
964 2436 1106 2482 auctoritas
1118 2437 1226 2483 errentur

167 2515 225 2549 cum
236 2499 363 2550 licendum
374 2504 461 2551 statuo
477 2502 603 2551 rumorem
615 2515 670 2549 erae
722 2504 840 2561 amoma,
863 2516 911 2565 quo
921 2516 970 2566 pro
983 2499 1071 2551 ordahe
1081 2500 1125 2550 illo
1136 2501 1224 2551 dacore

168 2582 244 2632 prtum
260 2569 285 2616 in
298 2571 414 2619 nobia-
428 2573 483 2618 tum
499 2569 599 2619 vocabas
615 2583 670 2616 ma·
724 2571 782 2630 tur,
807 2571 832 2617 et
850 2568 946 2618 invidia
965 2570 1087 2618 incitetur
1103 2572 1149 2618 eet.
1179 2584 1224 2632 pro

166 2638 211 2700 ga’s
223 2650 300 2699 quarn
311 2637 388 2686 rebor
400 2638 550 2686 ensuerunt.
583 2690 587 2695 ,
724 2634 822 2686 Cluent.
840 2634 884 2699 51,
905 2635 951 2684 140
974 2638 1001 2685 in
1021 2639 1141 2686 suenone
1160 2636 1225 2701 lagae

200 2705 227 2753 in
243 2701 395 2754 deterrendo
411 2704 537 2767 libertate,
559 2701 670 2754 insolern
722 2701 845 2754 Seruiliae
873 2705 981 2754 summis
1005 2708 1081 2755 ornat
1107 2708 1225 2755 cenatum

167 2771 277 2822 dodurcb
305 2771 345 2821 die
374 2770 563 2835 Freigebigkeit
595 2771 670 2835 abge·
722 2771 847 2834 boatum
860 2771 1087 2838 annltae'oequites
1097 2772 1225 2824 lloneouor

166 2839 366 2891 schreoktwird.
398 2841 424 2889 iu
444 2841 514 2903 giebt
534 2841 602 2890 nicht
622 2840 669 2906 den
722 2840 927 2907 ooperiurdz'cta.
1085 2838 1088 2844 “

167 2908 253 2958 Grnnd
276 2923 324 2971 an,
352 2910 460 2958 sondern
485 2908 524 2958 dic
548 2906 597 2958 hrt
619 2908 667 2956 und
756 2912 829 2974 quasi
844 2912 1049 2960 assentatorum:
1067 2911 1142 2974 quari
1157 2910 1226 2959 dieut

168 2975 269 3036 Weise,
281 2975 331 3025 wie
343 2970 394 3026 uhd
406 2977 445 3026 die
458 2975 606 3037 Urnstiiude,
620 2992 667 3025 un·
721 2976 908 3044 dendusdruch
916 2981 1065 3027 assentator
1074 2978 1225 3041 zumilderu,

168 3043 299 3093 terdonen
311 3045 544 3108 etwusgeuchieht3
558 3043 575 3108 1,
588 3044 612 3107 9,
626 3044 667 3093 20.
721 3045 767 3094 der
779 3045 865 3094 immor
877 3045 924 3094 den
933 3044 1029 3106 Begrill
1037 3038 1108 3093 eiher
1116 3045 1225 3107 triigeri-

167 3109 206 3174 111,
219 3110 243 3171 5,
255 3109 296 3160 26.
321 3110 420 3163 Caesb,
429 3112 533 3175 Gale,
546 3112 577 3161 19
590 3106 668 3164 relin-
721 3112 1225 3174 schenSchmeicheleihut,wlihrenddoch

167 3180 666 3245 parebaturutinogrieeaatandiriucew
722 3179 1225 3246 dieSpendevenAllen‚dienachStante-

161 3247 666 3312 'dir'apuefociendiehoetibuenoreretur.
723 3249 819 3298 iimtern
841 3248 968 3312 strehlen,
992 3248 1104 3312 gegeben
1127 3251 1223 3299 wurde.
1321 3262 1328 3273 '

201 3314 351 3380 locupletata
367 3314 487 3365 bedentet
502 3322 567 3365 stets
587 3315 668 3365 reich·
757 3316 798 3365 64.
817 3317 1000 3368 contrahendo:
1016 3314 1041 3382 ξ.
1054 3317 1095 3367 46.
1116 3317 1225 3367 llerall-

168 3382 217 3432 lich
225 3388 367 3432 ausstatten
382 3382 431 3432 und
439 3382 503 3434 wird
513 3384 598 3434 darum
608 3384 668 3434 hliu-
722 3385 834 3447 gemeine
846 3385 942 3449 Regriff
954 3386 1017 3446 wird
1029 3386 1106 3435 durch
1119 3384 1133 3433 3
1147 3385 1225 3435 Paare

168 3451 202 3513 hg
212 3450 258 3499 mit
270 3464 365 3500 ornare
376 3450 528 3501 verbunden.
722 3468 771 3502 von
785 3451 902 3503 Gliodern
916 3454 1046 3504 erldutcrt.
1069 3458 1094 3502 et
1103 3453 1168 3502 kann
1179 3470 1226 3502 vm·

200 3521 232 3569 ab
245 3517 440 3582 ordincnostro,
453 3520 508 3570 dem
519 3519 670 3571 Senatoren·
722 3521 838 3587 confiniis
859 3523 943 3584 stehn,
964 3521 1023 3570 weil
1041 3537 1068 3570 es
1087 3521 1155 3569 nicht
1172 3521 1225 3569 dies

166 3587 263 3638 stende.
722 3590 767 3639 mit
783 3589 849 3639 allen
861 3589 1099 3651 vorhergehcnden,
1117 3589 1226 3638 sondern

198 3659 226 3705 in
238 3658 354 3707 oratione
366 3655 467 3707 Crassi.-
482 3656 587 3706 Crassus
599 3655 617 3719 l,
628 3655 670 3723 36,
722 3658 766 3706 dos
788 3658 866 3707 letzte
884 3657 950 3707 Paar
969 3658 1014 3705 der
1033 3653 1135 3705 Gliedcr
1152 3664 1227 3706 anter

168 3723 224 3773 168.
250 3723 365 3775 Gemeint
376 3725 410 3774 ist
422 3724 553 3774 sicherlich
566 3725 606 3775 die
618 3723 668 3774 ue-
722 3725 841 3775 einander
851 3724 991 3774 verbindet.

166 3792 197 3841 dc
208 3791 303 3843 ffirdas
313 3791 407 3843 Gosetz
420 3794 464 3845 des
474 3792 597 3844 Servilius
607 3793 669 3843 Cae·
704 3809 706 3814 ·
756 3795 927 3844 retrudendus
936 3798 963 3861 et
971 3793 1096 3858 confiniis,
1109 3794 1134 3842 in
1143 3793 1225 3843 Nach-

165 3859 206 3925 pio
218 3876 243 3911 v.
253 3860 276 3910 J.
287 3860 337 3911 648
350 3860 428 3925 (106),
441 3862 500 3911 dass
512 3861 552 3911 die
566 3859 668 3912 Gerich·
721 3858 874 3911 burscbahs-
888 3861 937 3911 und
947 3858 1224 3911 Grenrverhdltnissen.

166 3935 191 3977 te
204 3927 300 3977 wieder
315 3929 369 3978 dem
382 3928 461 3979 Senot
476 3929 588 3993 gegeben
600 3944 668 3979 wer·
755 3933 879 3995 pometum
900 3929 975 3979 liceat
992 3930 1064 3979 nliml.
1086 3928 1110 3977 in
1132 3928 1229 3979 Betretl

166 3996 213 4045 den
226 3995 326 4046 solltcu.
348 3997 417 4047 Brut.
429 3997 470 4062 44,
483 3996 531 4046 164
543 3997 586 4048 rua
595 4000 621 4048 in
634 3997 669 4048 le-
722 3996 767 4046 des
780 3997 869 4060 aignan
879 3998 1015 4049 Vortheils.
