2772 4504
12 164 14 299 ἰ
119 206 277 343 „poe

96 324 105 403 i

508 296 567 362 Liri.
579 296 627 371 ut‘
647 309 719 362 cAP.
731 311 817 362 c—a.
1130 317 1189 378 173

130 459 212 547 sunt,
238 464 343 546 quibus
363 465 492 546 perspici
510 466 606 546 possit
625 467 694 547 quid
713 462 894 546 sit'propter
911 467 1122 547 turpitudinem
1142 471 1190 531 fu-

130 549 276 630 giendum,
291 550 360 630 quid
374 549 413 611 sit
427 552 507 630 quod
522 550 630 617 idcirco
646 551 816 630 fugiendum
832 569 893 612 non
909 552 956 625 sit,
973 553 1052 631 quod
1067 554 1189 615 omnino

129 626 288 731 turpdnon
297 636 345 697 sit.
365 635 423 696 Sed
435 636 574 715 quoniam
587 637 670 717 operi
686 637 822 698 incohato
834 654 928 716 prope
943 644 1040 698 tamen
1054 638 1189 700 absoluto

18 744 21 749 ·
128 720 446 801 amquamsasogtum
461 721 654 800 imponimus,
676 730 708 783 ut
727 730 890 800 geometrae
906 722 1002 783 solent
1014 740 1077 784 non
1092 724 1190 785 omnia

128 808 248 879 docere,
268 805 321 867 sed
335 805 484 885 postulare
496 814 530 868 ut
545 808 686 886 quaedam
706 806 761 867 sibi
777 808 987 880 concedantur,
1004 826 1063 887 quo
1079 809 1189 879 lacilius
1213 868 1218 891 ,

128 910 202 971 quae
217 890 318 952 volunt
336 890 492 969 explicent,
514 892 557 952 sic
575 906 661 977 egea
676 882 856 971 te⁰p0stulo‚
875 892 917 953 mi
931 893 1045 967 Cicero,
1064 901 1098 954 ut
1117 876 1358 977 mihi‘p⁰³*¹*‘⁶⁴''·

128 977 286 1050 concedas,
302 975 328 1036 si
342 985 441 1055 petes,
456 975 527 1036 nihil
542 979 713 1056 praeterid,
733 978 811 1057 quod
826 977 1050 1052 honestumsit,
1068 987 1191 1058 propter

128 1049 246 1135 st‘es'se
265 1061 469 1140 expetendum
501 1061 552 1122 Sin
573 1063 631 1124 hoc
645 1081 707 1125 non
720 1058 853 1155 licet'per
868 1062 1051 1142 Cratippum,
1072 1070 1101 1125 at
1119 1063 1189 1124 illud

127 1154 204 1209 certe
219 1144 311 1243 dalds,
327 1146 407 1225 quod
420 1146 578 1209 honesturn
594 1147 641 1221 sit,
656 1149 686 1210 id
702 1165 766 1209 esse
781 1148 905 1209 maxime
920 1156 1041 1227 propter
1055 1166 1087 1210 se
1101 1168 1188 1230 expe-

126 1233 256 1295 tendum.
280 1229 350 1292 Mihi
365 1231 509 1293 utrumvis
525 1234 596 1294 satis
610 1241 665 1308 est,
679 1242 713 1295 ut
727 1241 790 1294 tum
805 1234 871 1306 hoc,
886 1241 949 1294 tum
964 1233 1032 1294 illud
1047 1234 1187 1313 probabi-

124 1319 181 1380 lius
194 1315 308 1379 videtur
320 1333 375 1377 nec
389 1324 535 1395 praeterea
546 1318 700 1397 quicquam
711 1317 871 1398 probabile.
897 1318 1077 1397 ltprimum
1089 1318 1189 1393 inhoc
1209 1334 1242 1383 34

125 1401 281 1464 Panaetius
296 1401 495 1463 defendendus
510 1412 569 1464 est:
584 1403 663 1489 ‹113de
674 1421 695 1464 n
716 1421 737 1462 n
751 1402 828 1462 utilia
843 1402 976 1464 honestis
992 1396 1121 1481 pugnare
1136 1399 1255 1503 ali-'M
1263 1442 1289 1511 φ
1296 1458 1330 1506 1⁷
1360 1474 1365 1483 .

125 1488 242 1568 quando
256 1504 348 1565 posse
362 1486 465 1547 dixerit
535 1505 555 1548 n
680 1506 721 1549 rm
737 1487 762 1547 ei
777 1488 819 1547 sas
835 1494 896 1548 erat
910 1522 965 1561 -,
982 1488 1033 1548 sed
1049 1506 1095 1562 ea,
1115 1508 1188 1569 quae
1278 1492 1291 1519 ¹
1312 1464 1359 1519 ⁴5

124 1568 389 1635 astronianum.
415 1571 494 1632 urla
509 1573 663 1634 vero-utile
678 1572 757 1652 quoa
772 1572 1102 1647 santonensium,
1116 1574 1187 1635 nno
1288 1558 1359 1661 to,

124 1659 285 1719 honestum
300 1655 379 1736 quod
394 1656 546 1717 nunidem
563 1658 630 1719 utile
645 1658 690 1732 sit,
706 1677 792 1736 saepe
806 1663 929 1741 testatur
943 1667 1086 1739 negptque
1100 1659 1186 1721 ullam

124 1750 237 1824 pestem
251 1741 395 1802 maiorem
414 1741 450 1822 in·
464 1742 551 1803 vitam
565 1743 719 1804 hominum
735 1742 877 1803 invasisse
895 1736 983 1821 quar‘n
1003 1761 1105 1805 eorum
1121 1745 1187 1824 opi-

124 1824 251 1903 nionem,
267 1827 317 1906 qui
330 1824 386 1887 ista
400 1826 593 1889 distraxerint.
620 1828 719 1907 ltaque
733 1846 803 1901 non,
817 1835 850 1888 ut
859 1827 1187 1909 aliquandoantepone-

122 1932 221 1976 remus
232 1911 312 1975 utilia
321 1912 465 1986 honestis,
476 1913 529 1974 sed
537 1914 679 1976 uteasine
687 1932 787 1976 errore
796 1911 1027 1988 diiudicaremus,
1038 1913 1187 1994 siquando

123 1999 302 2072 incidissent,
321 1996 434 2058 induxit
448 2017 520 2072 eam,
536 1994 769 2079 quaetvideretur
783 1990 933 2073 esseinon
948 2018 1020 2079 quae
1034 2008 1123 2073 esset,
1137 1990 1274 2062 re-P‘iit
1296 2016 1301 2029 ‘
1339 1997 1343 2004 '

123 2085 323 2165 pugnantiam.
353 2082 433 2144 Hanc
450 2083 539 2162 igitur
555 2085 817 2164 pariei’n'iiiiotam
832 2084 1010 2165 explebimus
1030 2085 1117 2146 nullis
1133 2060 1297 2147 ad-iw

122 2169 284 2243 miniculis',
320 2166 369 2243 ed,
383 2176 416 2241 ut
431 2168 549 2243 dieitur,
568 2171 658 2232 ltlarte
673 2177 787 2237 nostro.
817 2171 916 2251 Neque
936 2171 1015 2231 enim
1030 2170 1186 2251 quicquam

124 2263 170 2317 est
189 2255 299 2316 dehac
327 2232 479 2333 ‘diidfflost
492 2252 663 2317 Panaetium
676 2256 864 2335 explicatum,
884 2256 963 2336 quod
983 2256 1100 2336 quidem
1115 2256 1186 2317 mihi

124 2340 312 2421 probaretur,
328 2328 370 2399 de
383 2338 419 2399 iis
434 2355 507 2417 quae
521 2337 552 2399 in
567 2358 672 2402 manus
686 2360 768 2401 meas
782 2339 923 2401 venerint.

209 2427 283 2487 Cum
302 2424 390 2503 igitur
408 2423 502 2504 aliqua
523 2425 635 2504 speeies
651 2426 782 2487 utilitatis
803 2424 914 2486 obiecta
930 2431 986 2500 est,
1007 2427 1187 2487 commoveri
1204 2435 1225 2494 8
1245 2456 1254 2473 ·
1302 2418 1328 2479 C

125 2529 244 2573 necesse
271 2519 325 2572 est.
366 2510 423 2571 Sed
444 2510 484 2583 si,
518 2529 585 2572 curn
610 2512 740 2574 animum
769 2509 944 2583 attenderis,
974 2509 1184 2590 turpitudinem
1206 2525 1237 2575 35

125 2747 326 2814 Ungennaiglxeit
336 2748 383 2799 der
395 2748 567 2815 Sprechweise
580 2749 628 2799 wie
683 2750 758 2799 sehon
771 2749 795 2815 ᾗ.
810 2749 841 2799 18
853 2747 1012 2812 vertheidigt.

125 2816 144 2882 l,
157 2817 180 2881 5,
196 2817 227 2866 15
240 2817 628 2886 eeeapmte,quaept⁹imade-
714 2817 862 2869 aiie‘dirsent
895 2817 970 2867 niirnl.
1006 2816 1184 2868 deiudtccndo:

125 2887 224 2953 scripta
234 2890 319 2936 est-
329 2888 398 2936 inest
407 2885 541 2950 indagatio
553 2889 629 2951 atque
682 2901 755 2935 wenn
770 2901 798 2936 es
811 2886 864 2935 sich
876 2884 980 2948 zulillig
992 2900 1020 2934 so
1034 2884 1108 2948 trini,
1127 2885 1185 2935 doss

123 2956 318 3005 attentasset.
359 2953 427 3004 Statt
455 2953 627 3004 lortzulahren
682 2954 730 3003 nir
759 2954 884 3004 zwiselien
912 2953 999 3003 beiden
1024 2953 1184 3004 eutseheiden

122 3025 629 3091 praeceptapetipossuntsagterproe·
681 3022 791 3072 iniissen.

126 3094 199 3158 cepta
210 3094 279 3140 aaut.
715 3090 830 3155 didiscit,
852 3090 895 3139 liat
912 3091 937 3139 in
951 3089 1019 3140 scine
1032 3090 1184 3156 philosophi·

54 3197 62 3208 .
159 3162 214 3209 tum
225 3159 414 3209 doctumillud
422 3158 579 3227 probabilius
591 3160 629 3208 ci·
682 3157 1164 3222 selle[intersuclrunghereingezogen.

124 3225 206 3277 detur.
237 3226 319 3278 Ueber
330 3228 461 3294 procedite
479 3242 500 3276 s.
517 3227 584 3277 Einl.
602 3244 627 3276 u.
716 3226 773 3289 sed,
796 3230 827 3276 et
847 3225 952 3288 dicitur,
977 3225 1064 3277 Marte
1081 3230 1185 3278 acano.-

124 3309 147 3344 z.
157 3292 182 3358 §-
192 3294 233 3343 21.
246 3294 293 3343 Die
304 3293 438 3344 Akademie
448 3293 627 3358 gestattetCic.
681 3294 744 3345 Phil.
761 3294 789 3358 ll,
808 3292 848 3357 37,
866 3293 898 3343 95
915 3309 966 3345 rese
982 3297 1049 3345 enim
1064 3296 1121 3363 ipse
1136 3311 1186 3346 sua

124 3361 182 3411 bald
198 3362 243 3410 der
259 3360 363 3413 Ansielrt
379 3362 425 3412 der
436 3361 626 3428 Peripatetilrer,
681 3367 771 3430 sponte
791 3391 826 3400 —
848 3362 1002 3429 omnesque
1017 3362 1115 3414 eudicti
1130 3367 1185 3414 aas

123 3430 181 3480 dass
198 3430 261 3479 ancli
278 3429 318 3480 die
336 3431 439 3480 dussem
459 3429 626 3481 Giitercincn
680 3434 815 3483 crematum
824 3431 1184 3483 equarteressaasrecu-
1244 3418 1256 3445 ⁸

122 3513 195 3548 wenu
207 3499 270 3548 auch
279 3498 313 3548 im
322 3498 455 3562 Vergleieh
465 3501 511 3548 mit
519 3500 565 3549 der
573 3498 626 3549 Tu·
679 3503 786 3567 permit.
808 3499 859 3549 Das
872 3500 1093 3562 entschuldigende
1105 3502 1135 3547 ut
1145 3500 1184 3547 di-

72 3602 75 3605 -
122 3567 187 3631 gend
211 3582 258 3616 nur
281 3566 401 3631 peringen
422 3566 625 3630 westhusen,
680 3571 748 3619 citur
763 3583 818 3617 war
834 3568 991 3618 beiderden
1004 3567 1113 3616 Riimern
1126 3567 1185 3615 sehr

122 3634 180 3685 bald
196 3635 242 3684 der
257 3635 303 3685 der
319 3634 421 3685 Stoilrer
438 3651 469 3684 zn
488 3634 585 3698 folgen3
604 3633 626 3684 ll
679 3636 821 3700 gelliuflgen
837 3635 1028 3699 Uebertragung
1048 3634 1121 3684 laum
1139 3636 1184 3683 nti.-

122 3719 145 3751 o.
158 3702 182 3752 2.
207 3703 253 3753 llit
272 3718 319 3753 nee
335 3707 472 3770 praeterea
492 3706 626 3770 quicquam
679 3705 740 3768 tlig.

121 3771 223 3821 werden
241 3770 422 3838 systemeole
438 3773 483 3822 das
500 3771 626 3838 epilnrei-
713 3773 782 3838 quod
809 3772 907 3839 quidem
933 3772 998 3821 milti
1015 3772 1183 3838 proderetur:

122 3838 182 3888 selae
194 3838 424 3902 zuriielxgcwicaen.
679 3841 734 3890 also
746 3841 809 3891 auch
821 3841 861 3890 die
874 3838 969 3889 Schrilt
980 3840 1024 3888 des
1034 3838 1182 3889 Posidonius

157 3904 198 3955 34.
215 3907 255 3955 Ao
263 3909 376 3974 petinere
387 3910 416 3958 in
427 3908 474 3959 doc
485 3912 532 3958 cet.
553 3906 624 3958 Aucli
680 3909 759 3970 nieht3
780 3924 800 3959 s.
814 3907 880 3957 llinl.
893 3924 918 3957 u.
932 3923 954 3957 z.
967 3905 993 3972 §.
1005 3905 1030 3956 8.

122 3988 202 4038 gagen
214 3973 301 4024 dicem
313 3975 436 4026 Vorwurl'
444 3976 480 4028 ist
489 3974 625 4027 Panaetius
713 3966 745 4027 8.
763 3976 805 4026 35.
823 3979 989 4027 commoneri:
1009 3990 1032 4026 z.
1044 3974 1069 4039 ξ.
1082 3972 1123 4023 35.
