2776 4502
102 2749 109 2755 ·
164 2724 270 2775 Ablntiv
280 2725 330 2774 und
342 2725 471 2776 Adverbin
485 2725 563 2775 durch
575 2733 601 2775 et
612 2740 673 2776 ven·
725 2727 878 2777 stitutione

553 295 612 347 mn
623 296 642 347 1.
670 295 739 348 cm.
755 295 794 347 ιι.
808 296 848 346 ιι.
1190 299 1230 362 53

172 449 301 530 quodam
316 448 401 528 quasi
414 457 503 513 vente
517 450 630 530 impetn
645 449 736 512 animi
753 449 878 512 incitati:
898 469 973 530 qnae
985 428 1127 513 Beneficia
1141 469 1232 531 aeque

170 552 352 615 magnanon
367 534 729 614 sunthabendeatqueee‚
746 552 819 614 quae
829 535 946 608 iudicio,
962 536 1147 598 considerate
1158 553 1232 598 enn-

170 628 337 700 stanterque
357 619 451 681 delata
470 627 548 681 sunt.
578 619 637 680 Sed
655 620 686 680 in
706 619 876 685 collocando
895 621 1037 682 beneficio
1057 626 1086 681 et
1105 621 1137 682 in
1155 622 1232 682 reie-
1323 667 1328 671 .

168 706 259 767 rende
274 704 372 784 gratia,
388 705 412 764 si
428 711 523 765 cetera
539 704 620 784 peria
635 712 713 779 sunt,
728 706 787 765 hoc
798 695 927 766 maxime
935 704 1023 767 officii
1035 714 1089 779 est,
1090 714 1138 801 ju
1148 707 1231 785 qnis-

169 810 225 870 que
240 790 368 851 maxime
381 790 447 868 opis
459 789 595 869 indigeat,
609 789 650 851 ita
661 789 687 850 ei
698 790 887 869 potissimum
900 790 1049 872 opitulari:
1066 791 1146 871 quod
1158 809 1230 852 cen-

168 883 214 935 tra
226 871 260 935 fit
274 893 290 934 a
305 873 461 954 plerisque.
492 876 515 936 Α
530 893 589 953 qno
610 875 687 936 enim
703 875 863 954 plurimum
884 884 1019 955 sperent,
1043 875 1170 937 etiamsi
1185 875 1232 936 ilie

150 1014 153 1024 .
168 959 204 1020 iis
220 977 282 1020 nnn
299 965 376 1037 eget,
390 966 488 1020 tamen
503 959 530 1020 ei
544 960 734 1038 potissimum
749 960 920 1023 inserviunt.

183 1049 184 1052 ’
254 1044 370 1124 Optime
386 1051 481 1105 autem
498 1045 622 1106 societas
637 1044 792 1107 hominum
813 1046 1039 1124 coniunctioque
1059 1045 1230 1119 servabitur,
1249 1044 1289 1105 ld

169 1129 207 1204 si,
227 1138 259 1191 ut
274 1129 397 1217 quisque
413 1128 469 1191 erit
485 1129 756 1206 coniunctissimus,
775 1131 813 1193 ita
833 1131 864 1192 in
879 1151 947 1193 enm
961 1130 1147 1209 benignitatis
1162 1129 1229 1210 pln-
1251 1139 1283 1188 50

167 1216 276 1276 limum
297 1215 474 1277 conferetur.
510 1215 567 1278 Sed
587 1236 664 1296 quae
679 1225 799 1278 naturae
819 1216 964 1296 principia
985 1216 1045 1277 sint
1063 1215 1231 1277 eommuni-

166 1300 234 1362 tatis
249 1308 278 1361 et
293 1299 441 1362 societatis
456 1301 603 1362 hnmanae
623 1302 815 1381 repetendum
829 1302 943 1363 videtur
963 1302 1056 1364 altius.
1082 1302 1138 1384 ¹Est
1153 1300 1231 1360 enim

163 1386 304 1466 primum,
319 1385 398 1465 quod
411 1386 538 1448 cernitur
549 1387 580 1447 in
591 1387 720 1448 universi
733 1387 845 1467 generis
856 1386 979 1448 hnmani
991 1385 1137 1447 societate.
1160 1383 1231 1445 Eius

167 1478 264 1532 eutem
274 1471 424 1531 vinculum
436 1478 481 1531 est
491 1471 565 1532 ratio
582 1481 610 1532 et
626 1472 729 1546 oratio,
745 1491 817 1552 qnae
830 1472 963 1533 docendo
979 1470 1130 1542 discendo,
1148 1487 1231 1530 com-

166 1554 343 1616 munimndo
374 1555 562 1634 disceptando
592 1557 748 1618 iudicando
774 1557 909 1618 conciliet
933 1557 1010 1618 inter
1038 1574 1071 1616 se
1094 1555 1230 1616 homines

167 1639 376 1719 coniungitque
396 1640 521 1701 naturali
542 1642 676 1725 quedam
694 1643 845 1716 societate,
872 1661 968 1721 neque
988 1641 1045 1701 ulla
1064 1659 1096 1701 re
1115 1639 1230 1719 longius

167 1725 311 1786 absumus
326 1744 342 1785 a
357 1734 460 1787 natura
475 1726 619 1798 ferarum,
639 1726 670 1786 in
685 1727 792 1805 quibus
811 1727 908 1787 inesse
928 1725 1130 1787 fortitudinem
1145 1741 1232 1802 saepe

166 1809 348 1899 dicimusfnt
361 1810 391 1869 in
403 1809 543 1897 equigaein
554 1810 697 1885 leonibus,
711 1810 1060 1892 iustitiemsteqnitatem
1068 1809 1231 1870 benitatem

165 1913 228 1956 nnn
243 1895 382 1955 dicimus:
413 1894 580 1956 sunt'enim
600 1896 722 1957 rationis
742 1905 770 1958 et
791 1896 932 1957 orationis
952 1903 1096 1975 expertes.
1127 1895 1169 1955 Ae
1187 1891 1230 1953 le·
1252 1905 1282 1954 51

166 1979 279 2041 tissime
299 1979 416 2060 quidem
437 1988 540 2058 petens
565 1980 738 2042 hominihus
764 1980 840 2043 inter
865 1982 964 2060 ipsos,
991 1979 1130 2041 omnibus
1155 1978 1232 2038 inter

167 2083 272 2126 omnes
293 2065 419 2126 societas
434 2065 505 2126 haec
519 2073 578 2126 est:
599 2067 631 2127 in
650 2085 707 2146 qua
722 2066 856 2127 emnium
875 2085 988 2141 rerum,
1009 2083 1080 2145 quas
1096 2064 1132 2125 ad
1149 2081 1231 2124 enm-

167 2117 289 2210 munem
303 2150 459 2211 hominum
474 2169 563 2212 usum
574 2159 678 2213 natum
691 2150 800 2230 genuit,
816 2159 862 2212 est
872 2150 1013 2212 servande
1026 2148 1232 2220 communitas,

166 2242 213 2309 ut,
233 2253 306 2314 quae
321 2234 468 2314 descripta
484 2244 553 2297 sunt
567 2235 679 2315 legibus
695 2244 724 2297 et
744 2236 807 2297 ime
822 2236 910 2310 civili,
930 2236 1055 2297 haesita
1070 2240 1232 2306 teneantur,

166 2327 200 2380 ut
216 2326 262 2380 est
276 2320 484 2382 constitutum:
504 2322 534 2399 [e
549 2322 654 2399 quihus
667 2320 754 2401 ipsis]
773 2324 866 2383 cetera
882 2323 925 2382 sie
940 2322 1141 2393 observentur,
1156 2317 1232 2378 utin

165 2521 264 2573 Urtheii
274 2521 408 2572 undehl
420 2523 672 2574 austheilendemei-
728 2525 758 2586 (s.
771 2522 796 2588 ξ.
812 2523 862 2587 12),
879 2523 924 2573 anf
933 2525 978 2573 der
990 2523 1030 2572 die
1043 2520 1233 2582 Gereehtigkeit

165 2587 293 2653 gebigkeit
304 2590 414 2652 gemeint
422 2590 466 2640 ist.
592 2620 594 2625 ·
727 2591 777 2640 und
788 2590 978 2653 Freigebigkeit
988 2590 1076 2640 basiet.
1208 2646 1212 2650 ᾗ

192 2656 294 2721 iudicio,
305 2656 672 2724 eoneuermoeomtantorquo,
761 2658 967 2792 51113331ωῶ
983 2654 1233 2789 descenderem
1296 2658 1299 2663 “

907 2741 938 2777 ae
980 2740 1013 2777 ιιι
1072 2739 1119 2775 are

165 2792 272 2843 bunden.
291 2791 674 2859 §.dimagnemzimmfnrtiter
726 2794 845 2861 singulte
870 2792 895 2859 ξ.
907 2795 937 2844 21
955 2741 1118 2862 prmffim
1126 2807 1233 2860 possod-

165 2860 379 2927 eoeoolieuierqne.'
397 2861 456 2925 vgl.
469 2860 494 2927 ξ.
507 2860 540 2911 27
558 2862 673 2913 consulto
726 2865 828 2913 donum
839 2860 985 2931 descriptio.

165 2932 231 2979 eico
257 2932 324 2980 'inin
491 2952 495 2957 ·
761 2925 1232 2998 eqnidueipeisstdntvollstiindigdie

201 2987 219 3047 1
243 3027 253 3048 .
275 2997 317 3047 50.
336 3002 445 3049 naturae
454 2994 583 3067 principia
594 3012 683 3049 emme
727 2997 848 3062 Pei-inde,
860 2996 1065 3049 welehenuidem
1072 2995 1232 3059 Gegensntze

166 3081 187 3115 s.
201 3081 225 3117 z.
237 3064 262 3131 ἦ.
276 3063 317 3115 43.
727 3082 777 3117 vnn
799 3081 863 3130 qnae
880 3066 1011 3133 descripta
1026 3068 1090 3114 sunt
1104 3079 1129 3113 n.
1148 3067 1234 3113 cetera

199 3132 311 3185 docendo
328 3141 376 3184 ete.
405 3134 451 3183 Die
468 3133 546 3184 Reihe
563 3135 610 3185 der
625 3134 673 3184 ne·
726 3134 826 3187 terunt.
838 3133 898 3183 Dies
908 3131 1050 3184 Relativnm
1063 3129 1232 3196 auiquaede·

166 3201 238 3264 griffo
259 3199 364 3252 zerfillt
383 3202 409 3251 in
422 3202 461 3251 ein
478 3217 525 3252 ans
537 3201 553 3250 2
570 3204 620 3252 nnd
633 3202 673 3252 ein
727 3203 827 3270 seripia
837 3204 906 3266 emet,
916 3202 978 3251 haee
990 3216 1022 3250 zu
1033 3199 1152 3249 bezieimn
1164 3196 1233 3261 giett

166 3284 212 3319 ans
229 3268 244 3318 3
257 3267 391 3319 Nnmmenn
407 3269 574 3320 bestehendes
591 3269 674 3333 Giied,
727 3269 819 3319 keinen
832 3269 902 3333 Sine,
920 3283 948 3318 es
960 3267 1006 3318 mit
1017 3267 1117 3333 legibue
1129 3282 1161 3316 zu
1172 3280 1233 3316 ven-

167 3350 221 3385 wns
241 3337 318 3385 dunch
333 3337 374 3386 die
389 3335 575 3402 interpunctinn
596 3352 674 3401 ange·
727 3336 819 3387 binden
831 3337 873 3404 ist,
884 3338 915 3388 dn
927 3332 1233 3387 eaecitatemnminel-

168 3405 257 3454 dentet
268 3403 310 3452 ist.
328 3402 363 3452 So
376 3404 545 3470 gmppirtcie.
556 3412 621 3455 stete
634 3404 674 3457 bei
692 3435 698 3446 s
727 3406 948 3471 beneventensem,
966 3406 1042 3455 sehon
1058 3400 1232 3468 mmmntiseh

166 3470 361 3534 Auiziihlnngen
373 3472 412 3521 die
424 3472 556 3523 einzelnen
567 3472 674 3537 Begriffe
728 3474 967 3539 niehtgntnidglieii,
976 3469 1233 3535 nigeseienvondem

167 3541 193 3590 in
206 3537 310 3590 Glieder
325 3554 374 3589 von
391 3537 407 3588 2
422 3540 485 3589 oden
496 3539 511 3588 3
523 3539 674 3605 Namnet-m
729 3541 840 3592 schieien
852 3541 1014 3604 nasamone,
1031 3541 1078 3589 den
1093 3538 1155 3588 nueh
1167 3536 1233 3584 dann

168 3624 189 3659 ι.
200 3606 318 3671 Niigeisb.
333 3606 351 3657 1.
362 3607 400 3658 St.
413 3606 436 3672 §-
447 3606 503 3658 172.
516 3609 539 3657 d.
554 3607 674 3675 011117,
728 3611 861 3660 entsmnen
871 3609 966 3659 winde.
984 3609 1031 3658 Die
1041 3604 1149 3656 zumeist
1157 3618 1233 3666 ange·

168 3674 210 3726 53.
223 3675 263 3726 58.
287 3674 400 3737 32115.
423 3674 464 3737 34,
480 3675 538 3727 124.
561 3676 602 3740 36,
618 3676 674 3729 129.
729 3692 858 3727 nommene
870 3677 1007 3738 Aendrnng
1018 3675 1053 3725 ist
1064 3673 1234 3724 constitutum

102 3743 109 3748 “
167 3741 197 3808 Π,
206 3743 294 3807 10,37.
304 3743 346 3807 23,
354 3742 395 3794 83.
405 3742 492 3810 ltili,
506 3743 537 3794 70
547 3760 572 3794 ιι.
582 3745 673 3810 hiinfig,
728 3745 829 3811 degibus
841 3747 918 3812 ipsis,
933 3744 979 3794 dns
992 3743 1041 3793 seii
1053 3742 1167 3792 heissen:
1184 3739 1233 3789 wie

165 3854 169 3861 .
201 3812 673 3867 nodemestorntiomie.1)nssinddie
728 3814 862 3876 esgemde
875 3809 1232 3871 indenGesetzennngemd-
1268 3820 1273 3823 ’

167 3878 343 3943 Bedingnngen
357 3880 404 3930 dei·
414 3880 549 3944 allgemein
560 3882 674 3932 mensch·
728 3887 772 3931 net
783 3882 826 3945 ist,
844 3881 920 3931 striet
931 3880 1052 3930 menter
1063 3877 1234 3938 Bestimmnng

168 3946 249 3997 lichen
264 3948 314 3997 und
327 3948 476 3999 steetliehen
489 3947 675 4001 Gemeinsedsst
727 3947 901 4000 derGesetze.
926 3945 1235 3999 lisnnnnssteabetdei·
1282 3950 1285 3953 ‘
