2772 4504
133 260 193 321 152
230 284 233 289 ·
267 318 272 323 ,
560 254 603 304 nn
623 251 760 304 osnicns

130 413 161 474 in
181 409 298 475 alieno?
327 410 403 486 Quid
429 406 490 471 ita?
511 415 557 482 ut,
585 426 651 471 cum
678 424 732 485 ego
754 406 875 468 emerim
895 405 1086 479 aeditimum,
1109 414 1206 503 tuear,

130 498 314 579 impendam,
333 505 365 558 tu
380 515 428 557 me
448 495 537 556 invito
560 494 656 555 fruare
677 487 768 553 meo?
797 493 875 566 Quid
888 491 1035 581 esfflffls„
1056 490 1119 553 aliis
1139 511 1192 553 sua

132 585 252 664 eripere,
268 582 332 644 aliis
348 581 416 659 dare
432 577 546 642 aliena?
797 562 887 606 Ἀ

71 673 113 734 94
192 664 209 689 s
219 668 345 730 Tabulae
356 654 425 728 vei-o
438 684 530 727 novae
543 664 611 745 quid
623 662 731 724 habent
746 664 911 755 argumenti
925 663 982 724 nisi
979 671 1118 761 mennas
1130 684 1193 725 mea

132 754 256 836 pecunia
274 752 422 826 fundum}
436 770 503 813 cum
519 761 551 811 tu
571 750 694 822 habeas,
716 767 769 827 ego
789 766 852 809 non
873 750 995 811 habeam
1015 748 1193 827 pecuniam?

74 842 116 902 24
134 840 229 914 Quam
245 838 283 900 ob
303 858 365 899 rem
381 857 418 899 ne
434 838 472 898 sit
491 856 540 898 aes
556 836 682 897 alienum
705 836 782 913 quod
798 835 841 895 rei
856 834 989 914 publicae
1003 843 1109 896 noceat
1122 854 1193 915 pro-

5 917 89 1044 'ufo
131 925 363 998 videndumst,
379 924 459 1003 quod
474 921 574 983 multis
590 918 755 980 rationibus
772 920 863 981 caveri
878 928 986 999 potest,
1002 937 1074 994 non,
1090 921 1116 981 si
1130 922 1194 982 lue-

5 1029 25 1107 3
52 1019 118 1105 ῃ]
132 1010 178 1083 νὴ,
193 1018 226 1071 ut
236 1009 397 1089 locupletes
410 1026 497 1069 suum
509 1006 642 1088 perdant,
655 1005 801 1083 debitores
813 1005 962 1066 lucrentur
972 1005 1108 1067 alienum.
1135 1006 1194 1067 Nec

18 1082 34 1135 ²
80 1137 92 1195 Ι
131 1094 210 1156 enim
229 1094 355 1156 uliares
378 1093 578 1155 vehementius
603 1089 832 1171 rempublicam
858 1091 986 1152 continet
1006 1109 1092 1170 quam
1113 1091 1193 1165 fides,

5 1127 116 1335 ab?
133 1198 208 1260 quae
224 1198 290 1241 esse
304 1178 381 1240 nulla
396 1186 508 1257 potest,
529 1176 585 1238 nisi
606 1178 661 1237 erit
674 1175 840 1237 necessaria
860 1175 968 1238 solutio
985 1194 1082 1238 renum
1100 1175 1194 1237 credi-

132 1273 237 1326 tarum.
267 1264 433 1344 Numquam
449 1262 650 1323 vehementius
672 1269 769 1322 actum
792 1269 836 1322 est
851 1280 937 1342 quam
959 1281 1006 1321 me
1022 1261 1143 1324 consule
1157 1279 1195 1322 ne

38 1350 301 1434 gu’solveretur.
337 1349 436 1410 Annis
457 1357 486 1409 et
506 1347 609 1409 castris
635 1333 774 1426 temnffila
793 1364 841 1407 res
865 1355 910 1408 est
929 1346 964 1407 ab
990 1347 1070 1407 omni
1090 1322 1206 1426 geuene

133 1434 288 1497 hominum
303 1442 332 1496 et
348 1434 463 1496 ordine:
483 1433 590 1513 quibus
610 1432 650 1493 ita
668 1431 776 1506 restiti,
796 1440 829 1493 ut
843 1433 901 1493 hoc
919 1439 1014 1495 totum
1034 1433 1144 1493 malum
1159 1433 1194 1494 de

132 1541 165 1582 ne
179 1520 295 1600 publica
310 1519 467 1581 tolleretur.
498 1518 666 1597 Numquam
682 1535 736 1578 nec
750 1519 845 1578 maius
860 1536 909 1578 aes
929 1518 1056 1579 alienum
1071 1515 1125 1578 luit
1138 1535 1195 1578 nec

133 1606 238 1667 melius
254 1623 309 1666 nec
322 1605 433 1666 facilius
455 1603 632 1665 dissolutum
654 1610 712 1664 cst:
733 1602 888 1664 lrauclandi
908 1603 988 1664 enim
1008 1622 1061 1683 spe
1082 1603 1194 1664 sublata

21 1742 32 1771 ‚¹
135 1691 265 1752 solvendi
280 1690 440 1752 necessitas
456 1696 613 1750 consecuta
630 1695 683 1749 est.
715 1687 752 1749 At
766 1706 834 1748 vero
850 1690 899 1751 hic
913 1706 993 1750 nunc
1007 1689 1112 1763 victor,
1130 1697 1194 1750 tum

37 1834 42 1843 ι
64 1774 228 1873 Mc
243 1784 265 1863 l
287 1780 353 1888 fil

133 1852 345 1943 62‚'3'2'uol'ao
369 1874 491 1927 ἐνοίκιον
515 1868 584 1927 ὅσον
607 1873 635 1931 ἐς
691 1874 876 1926 zweilclhulten
891 1875 964 1928 Fiille
987 1882 1050 1927 statt
1065 1876 1111 1926 des
1130 1877 1193 1926 coni.

133 1948 319 2002 πεντακοσίας
336 1938 465 2015 δραχμὰς
480 1934 526 2009 ἦν,
544 1941 637 1995 ivano·
691 1945 832 2009 praesentis
844 1942 885 2007 ltl,
899 1944 940 2008 21,
954 1943 986 1993 78
1003 1943 1195 2010 quodomnium

133 2015 183 2064 τοῦ
195 2009 258 2071 ἑνὸς
269 2008 359 2131 eiffela.
382 2013 502 2062 Habitent
510 2016 597 2077 gratas
609 2016 638 2062 a'n
692 2011 1023 2080 sceleratissimumfaccrit.
1100 2012 1102 2020 ⁸

133 2081 216 2133 alieno
239 2083 287 2132 wia·
326 2081 380 2130 also
404 2081 452 2130 wie
481 2081 527 2130 dcc
550 2080 638 2130 Belehl
726 2084 806 2131 munis
819 2080 1197 2148 attumuwiemtseqnu-

134 2150 241 2200 Caesars
254 2147 414 2213 hingestellt,
427 2164 458 2198 an
472 2149 518 2197 den
532 2149 584 2197 sich
598 2149 637 2199 dic
693 2165 740 2216 quo
759 2146 800 2212 Ill,
818 2148 858 2211 33,
873 2149 930 2199 116.
951 2148 1027 2200 Tuso.
1040 2148 1085 2214 Ill,
1105 2150 1144 2212 11,
1162 2149 1194 2200 25
1379 2154 1380 2213 l

133 2217 305 2269 Polemik'mlt
319 2215 386 2279 Quia
394 2219 449 2266 ita?
460 2217 619 2267 anschlicsst.

169 2289 255 2352 wear,
269 2286 301 2336 im
314 2284 408 2335 Stundc
421 2284 526 2335 enhalte.

172 2352 282 2406 Tabadae
301 2369 395 2418 nouae.-
419 2352 519 2403 tabulae
531 2352 586 2403 sind
598 2352 638 2402 dic

134 2422 333 2487 Schuldhiichcc,
360 2420 459 2471 tabulae
481 2437 561 2471 nocue
583 2420 638 2471 also

134 2491 190 2540 cine
215 2489 439 2553 Sohuldcntilgung
467 2490 544 2538 dunch
573 2489 640 2539 voll-

134 2558 263 2622 suntiges
276 2557 408 2609 Strciclien
425 2558 487 2607 oden
498 2557 639 2607 Hennaea

134 2642 181 2676 zen
194 2627 239 2676 dec
252 2625 354 2676 Schultl.

168 2693 209 2744 84.
234 2694 295 2773 qm'd
304 2695 568 2759 habentorgumeuti‚
586 2708 639 2744 was

134 2762 213 2811 haben
226 2776 264 2811 sic
281 2762 323 2811 liic
339 2763 411 2811 cinon
430 2760 523 2826 lubuit,
542 2761 640 2812 Beden-

134 2837 177 2879 tun
197 2829 242 2887 ,cl.
252 2829 268 2878 i.
283 2828 385 2879 chck.

167 2844 221 2948 284·
237 2913 295 2961 aon,
308 2898 431 2963 usuarii,
440 2901 479 2960 ut,
493 2896 516 2945 d.
524 2896 541 2945 i.
552 2898 573 2946 si
584 2897 639 2947 suc-

134 2966 175 3027 rit‚
183 2981 231 3015 non
242 2965 474 3031 italacicmlumcst,
483 2971 519 3026 ut,
529 2979 583 3015 was
593 2980 639 3015 aus

133 3032 379 3169 ssrmgdcmllguzocst
395 3034 638 3152 suffinaenoilst:

159 3117 187 3152 aa
205 3117 252 3153 em.
293 3141 299 3151 .
503 3116 572 3154 αντα
605 3117 639 3152 αν

136 3170 219 3231 (niul.
233 3119 420 3237 appellathunloy:l
433 3119 519 3222 magau
529 3169 639 3239 appolle-

134 3254 194 3288 νινε
205 3238 270 3288 licet.
296 3238 357 3288 Wie
374 3240 435 3290 weit
451 3238 600 3289 nomentlich
614 3240 637 3287 in

134 3307 181 3355 den
198 3306 297 3356 Bnielcn
316 3306 356 3355 bei
376 3307 520 3370 decantigcn
540 3305 638 3370 Ergin-

134 3388 232 3437 zuugen
251 3374 291 3423 die
306 3373 418 3424 Faciltcit
432 3376 504 3439 gelat,
526 3374 596 3438 zcigt
607 3376 638 3424 ad

133 3441 191 3492 lam.
205 3441 236 3493 V.
255 3441 300 3506 19,
318 3440 334 3491 2
355 3446 379 3492 ον’
400 3445 500 3509 feceras
523 3442 552 3492 id
573 3442 640 3508 quod

135 3510 248 3562 ostendis
285 3526 407 3578 maguam
441 3512 536 3562 habebo
572 3526 638 3575 ffro-
664 3514 669 3521 ’

135 3581 210 3645 nam,
228 3582 253 3629 ον’
267 3594 319 3630 non
327 3581 430 3645 seceris
447 3583 592 3645 agnoscunt,
614 3584 640 3630 ct

133 3646 244 3697 alterum
256 3650 344 3698 uiatori
361 3648 443 3712 (nimi.
457 3646 582 3710 tribuam),
601 3647 638 3697 al-

134 3719 218 3764 terum
228 3715 292 3764 ννἹιί
307 3719 332 3764 tc
349 3733 445 3783 negare
460 3731 511 3766 aon
522 3719 639 3784 potuisse

132 3784 287 3833 arbitrabor.
306 3782 333 3832 S.
346 3800 369 3833 z.
383 3785 406 3849 ξ.
420 3784 460 3834 89.

167 3852 192 3899 ai
210 3851 316 3915 fucrit:
344 3852 389 3900 das
412 3851 552 3917 perlectum
577 3867 637 3901 con-

28 3908 31 3963 }
136 3918 239 3967 iunctivi
252 3933 298 3967 aun
310 3917 415 3981 Angabc
427 3920 566 3987 miiglichei·
578 3920 639 3968 oden

692 2234 728 2267 aaa
740 2219 810 2268 mani
819 2220 978 2269 contentione
989 2218 1050 2268 velis
1066 2222 1097 2269 ut
1107 2220 1145 2269 ita
1157 2218 1196 2269 di-

693 2301 750 2336 cam
761 2288 888 2352 omniaque
895 2286 1040 2353 fugiendo.

726 2354 841 2404 totunm·
850 2357 999 2405 necessitas.
1018 2352 1124 2405 Catilina
1136 2369 1195 2404 vec-

692 2422 1196 2555 {tltltllgtlltttttalltl

1008 2528 1013 2538 '
1043 2527 1048 2540 ⁸
1117 2528 1124 2555 7

693 2558 786 2608 ebcnso
805 2559 923 2610 erkl‘ainen
941 2559 980 2609 die
993 2557 1138 2610 Gesandten
1151 2560 1195 2609 des

692 2625 801 2676 Manlius
819 2626 886 2692 Rex,
908 2627 946 2677 sle
967 2628 1037 2677 scien
1054 2628 1132 2678 durch
1149 2628 1196 2678 den

694 2694 898 2745 Schuldendnnck
917 2711 973 2745 zum
990 2694 1130 2747 Aulstandc
1152 2712 1196 2759 gc-

693 2761 781 2813 bracht
799 2764 844 2824 (ib.
861 2763 917 2828 38).
941 2763 1030 2813 Cicero
1047 2765 1143 2827 inolito,
1157 2765 1195 2813 als

694 2831 740 2880 dec
761 2830 884 2881 turstano
900 2830 1066 2881 untenlriickt
1082 2846 1147 2897 wan,
1168 2847 1197 2881 cc

693 2899 779 2948 wenilo
809 2900 849 2947 (lic
874 2898 955 2949 Giiten
984 2898 1030 2947 der
1058 2898 1197 2950 schuldnen

692 2966 850 3029 venstcigecn
864 2966 961 3031 lassnn,
982 2980 1056 3014 wcnn
1075 2967 1111 3017 sie
1123 2968 1196 3018 nicht

693 3035 808 3095 zahlten3
828 3035 853 3084 in
866 3033 921 3084 Cat.
933 3033 964 3097 ll,
981 3033 1006 3095 9,
1017 3032 1056 3089 ,18
1077 3050 1134 3085 naec
1141 3039 1196 3092 ,1ο-

692 3103 782 3171 ncficio
799 3101 898 3153 tabulam
918 3117 1000 3152 nocue
1017 3104 1195 3170 proferentur,

692 3172 931 3223 seducetonurtoo.

726 3240 767 3290 lu'c
778 3255 845 3290 nunc
856 3243 951 3305 auctor,
965 3242 1020 3289 tam
1032 3238 1134 3306 modom
1145 3243 1195 3290 aa'c-

693 3312 743 3358 νον.
767 3307 844 3358 Nicht
860 3310 905 3360 mit
917 3307 1028 3360 Unrcclit
1039 3308 1196 3372 beschuldigt

693 3375 782 3426 Cicero
800 3375 895 3427 Cacsar
917 3378 963 3427 (lan
979 3366 1140 3426 Theilnalnnc
1163 3392 1195 3426 an

692 3446 738 3494 dec
762 3444 963 3495 catilinarischcn
986 3443 1196 3510 Venschwt'cung,

693 3513 845 3576 wenigstens
863 3513 931 3563 nicht
947 3528 1028 3577 gagen
1048 3514 1087 3562 dic
1100 3513 1196 3563 danais

693 3581 841 3644 allgemeiua
859 3581 986 3646 Meinung.
1012 3579 1056 3631 Una
1074 3581 1118 3631 ias
1135 3582 1197 3632 Jahn·

693 3648 740 3697 591
757 3647 808 3709 (63)
821 3657 918 3699 musste
931 3649 1026 3699 Caesar
1037 3664 1124 3713 wegen
1142 3650 1193 3699 sei·

692 3732 738 3766 uer
751 3716 839 3779 eig'nen
852 3717 1029 3768 Schuldenlast
1046 3717 1087 3778 <25
1101 3717 1194 3767 Millio·

692 3801 740 3834 nen
762 3785 920 3847 Sestcnzicu)
944 3785 999 3835 cine
1024 3783 1193 3836 Schuldentil·

691 3868 758 3916 gang
770 3853 913 3903 ccwiinscht
925 3854 992 3913 sein3
1010 3851 1048 3902 als
1066 3867 1095 3901 en
1107 3853 1197 3904 darauf

691 3920 837 3983 beziiglirlie
848 3920 957 3971 Gesctze
969 3919 1025 3984 gab,
1038 3920 1076 3969 als
1086 3921 1193 3971 Bchern-

1379 2218 1381 2291 l
