2776 4502
199 298 240 362 92
631 272 676 349 nu
694 295 833 350 orrrms

198 453 237 515 de
254 450 425 517 domesticis
443 451 571 532 negotiis
591 460 641 515 aut
659 453 697 515 dc
713 470 747 515 re
767 451 885 532 publica
902 459 955 515 aut
974 451 1012 514 de
1028 452 1136 515 udum
1156 455 1263 519 studiis

199 545 285 618 atque
304 535 448 598 doctrina.
476 537 578 599 Danda
596 537 684 617 igitur
699 555 789 617 opera
804 545 911 612 estut,
930 536 1020 600 etiam
1034 538 1061 600 si
1074 539 1212 603 aberrem
1225 541 1264 604 ad

198 622 253 684 alia
271 621 414 702 coeperit,
434 623 563 684 adhaec
581 631 736 685 revocetur
754 621 860 698 oratio,
877 622 931 684 sed
946 630 1108 703 utcumque
1123 626 1261 688 aderunt:

198 726 293 787 noque
308 708 388 770 enim
402 706 514 769 eisdem
527 709 565 769 de
578 708 668 770 rebus
683 726 739 770 noc
753 708 836 770 omni
850 716 985 788 tempore
995 726 1053 771 noo
1062 708 1197 772 similitor
1208 711 1262 772 do-

197 793 345 855 lectamur.
375 792 676 856 Animadvertendum
695 801 740 856 est
758 793 847 856 etiam
861 801 1006 875 maternus
1019 811 1120 855 sermo
1135 795 1262 859 deleca-

198 878 311 941 tionem
336 877 440 939 habeat
465 886 507 953 ot,
532 886 566 940 ut
591 879 750 958 incipiendi
769 879 844 942 ratio
865 879 964 953 fuerit,
990 878 1030 941 ita
1049 879 1088 940 sit
1108 879 1263 943 desinendi

197 962 315 1025 modus.

140 1047 182 1110 58
284 1047 343 1109 Sed
359 1056 418 1127 quo
432 1049 525 1110 modo
544 1048 672 1109 inomni
689 1048 747 1110 rita
761 1048 924 1110 rectissime
941 1049 1120 1129 praecipitur
1141 1059 1175 1112 ut
1192 1069 1262 1130 per-

129 1143 177 1195 136
198 1132 380 1194 turbationes
399 1133 558 1213 fugiamus,
583 1131 687 1208 idest,
715 1142 816 1196 motus
836 1133 926 1196 animi
944 1133 1054 1196 nimios
1073 1136 1180 1197 rationi
1198 1153 1262 1197 uon

197 1217 447 1298 obtemperantes,
467 1219 510 1279 sic
529 1218 593 1279 eius
612 1218 695 1280 modi
713 1219 843 1281 motibus
863 1237 962 1281 sermo
983 1218 1067 1281 debet
1085 1239 1200 1296 vacare,
1222 1212 1271 1281 ne'

197 1309 248 1365 aut
261 1303 305 1364 ira
319 1303 423 1365 existat
434 1312 484 1365 aut
493 1302 638 1383 cupiditas
650 1303 745 1383 aliqua
760 1312 809 1366 aut
823 1304 939 1384 pigritia
951 1312 1001 1366 aut
1014 1303 1127 1384 ignavia
1140 1313 1190 1367 aut
1203 1305 1265 1381 talc=

197 1387 305 1467 aliquid
325 1396 477 1469 appareat,
495 1388 679 1469 maximeque
698 1389 858 1451 curandum
880 1398 926 1451 ost
945 1398 978 1453 ut
997 1409 1065 1466 eos,
1084 1390 1261 1470 quibuscum

197 1491 366 1535 sermonem
383 1474 585 1553 conferemus,
599 1482 629 1536 et
642 1475 735 1535 vereri
750 1483 779 1536 et
793 1474 911 1555 diligere
925 1475 1086 1537 videamur.
1117 1475 1260 1554 Obiurga-

196 1558 295 1620 tiones
306 1558 395 1619 etiam
406 1576 468 1619 non
478 1576 642 1639 numquam
656 1559 790 1622 incidunt
803 1560 993 1636 necessariae
1007 1561 1039 1621 in
1054 1561 1161 1641 quibus
1174 1569 1260 1623 utsu-

197 1642 269 1704 dum
284 1650 329 1705 est
342 1643 469 1705 sortasse
483 1645 606 1706 atrocis
622 1645 811 1708 contentione
825 1646 936 1707 maiora
950 1653 979 1707 ot
993 1645 1149 1708 verborum
1165 1645 1260 1725 gravi-

197 1735 255 1789 tate
270 1727 393 1803 acriore,
408 1729 438 1790 id
453 1729 598 1808 agendum
612 1730 709 1804 etiam,
723 1737 757 1792 ut
769 1749 803 1792 ea
818 1732 912 1792 faoere
925 1730 1077 1792 videamur
1090 1731 1165 1792 irati.
1193 1730 1261 1806 Sed,

196 1821 230 1875 ut
244 1813 282 1874 ad
300 1813 447 1875 urendum
466 1821 495 1876 et
514 1816 687 1890 secandum,
707 1815 751 1876 sio
769 1816 806 1876 ad
823 1816 993 1894 hoo⁴genus
1012 1815 1173 1894 castigandi
1192 1832 1261 1876 raro

196 1896 335 1977 invitique
347 1899 515 1973 veniemus,
536 1918 745 1979 necunquam
760 1899 817 1961 uisi
836 1899 1018 1974 necessario,
1040 1899 1065 1960 si
1080 1899 1158 1961 nulla
1172 1917 1259 1979 repo·

195 1982 287 2044 rietur
305 1983 358 2045 alia
377 1983 535 2046 medicina:
555 1985 607 2046 sed
627 1992 726 2046 tamen
745 1983 788 2046 ira
802 1985 907 2063 procul
921 1984 1011 2059 absit,
1032 2002 1100 2047 oum
1114 2003 1172 2064 qua
1186 1984 1260 2046 nihil

126 2075 174 2126 137
196 2074 273 2130 recto
288 2068 364 2143 fieri,
387 2068 460 2131 nihil
475 2069 657 2131 considerate
671 2076 777 2148 potest.
807 2069 943 2148 Magnam
958 2076 1055 2131 autem
1070 2069 1259 2150 partemclc-

195 2152 287 2214 menti
302 2154 490 2234 castigatione
502 2154 569 2216 licet
582 2153 634 2229 uti,
650 2154 788 2233 gravitate
802 2162 899 2216 tamen
914 2154 1059 2230 adiuncta,
1073 2163 1106 2217 ut
1121 2155 1258 2217 severitas

194 2237 365 2301 adhibeatur
375 2249 404 2300 et
415 2240 590 2302 contumelia
599 2240 764 2318 repellatur.
776 2240 871 2320 Atque
882 2241 969 2302 etiam
980 2240 1052 2304 illud
1062 2240 1172 2321 ipsum,
1179 2238 1259 2320 quod

195 2323 360 2386 acerbitatis
379 2324 466 2386 babet
486 2324 664 2402 obiurgatio,
684 2325 908 2404 significandum
923 2333 983 2400 ost,
1004 2326 1099 2405 ipsius
1115 2326 1145 2387 id
1161 2344 1258 2399 causa,

108 2464 117 2478 χ
195 2409 245 2489 qui
261 2409 441 2489 obiurgetur,
456 2428 521 2471 esse
537 2417 719 2492 susceptum.
741 2410 864 2472 Rectum
880 2419 926 2472 est
940 2418 1037 2472 autem
1053 2411 1140 2472 etiam
1154 2411 1185 2470 in
1200 2410 1257 2471 illis

196 2494 445 2568 contentionibus,
461 2513 535 2575 quae
550 2513 618 2556 cum
632 2495 843 2557 inimicissimis
859 2496 948 2571 fiunt,
963 2497 1050 2558 etiam
1066 2497 1092 2558 si
1106 2494 1193 2558 uobis
1209 2495 1258 2556 iu-

196 2578 282 2657 digna
298 2581 462 2656 audiamus,
482 2588 582 2643 mmeu
600 2581 769 2660 gravitatem
789 2581 926 2658 retinere,
946 2582 1126 2644 iracundiam
1142 2580 1258 2661 pellere.

195 2664 275 2736 Quae
290 2665 368 2724 euim
384 2684 451 2726 cum
466 2666 560 2744 aliqua
575 2665 795 2745 perturbatione
808 2668 892 2741 fiunt,
907 2687 939 2728 ea
949 2685 1007 2729 nec
1017 2673 1185 2728 constanter
1195 2664 1258 2726 fieri

194 2755 324 2827 possunt
338 2764 393 2809 neo
407 2748 456 2822 iis,
478 2750 528 2827 qui
548 2750 670 2824 adsunt,
691 2750 821 2829 probari.
851 2752 988 2813 Deforme
1008 2751 1095 2812 etiam
1115 2759 1160 2811 est
1175 2751 1210 2811 de
1226 2769 1258 2811 se

228 2930 699 2997 codadoonquoodcnmtjonaobdcr
751 2932 821 2984 olore
837 2932 885 2984 ced
898 2937 1016 2999 agamw
1031 2933 1124 2987 lanima·
1140 2938 1166 2985 ot
1176 2938 1263 2985 moute

192 2999 446 3066 Eigeotbiimliobbcit
457 3000 503 3050 dor
514 2998 699 3053 Anneseuden.
755 2999 901 3068 ἰναιιᾳιιίὶἱα.

229 3068 287 3120 135.
304 3068 527 3121 dadomdorebuc
537 3068 612 3119 uiiml.
624 3069 699 3121 coito-
788 3068 847 3121 137.
864 3067 988 3135 Magnam
997 3073 1201 3139 autompartcna
1213 3070 1262 3121 Die

192 3137 290 3206 woodo
303 3139 366 3189 oder
377 3140 503 3201 mationa,
515 3152 569 3188 was
580 3152 637 3188 man
645 3138 699 3188 oieb
752 3138 827 3189 Hdss.
852 3138 932 3188 baben
954 3154 1052 3204 nugata
1071 3144 1156 3207 porte.
1191 3138 1261 3188 Doob

100 3260 110 3271 ⁴
191 3204 698 3270 ausdomSubjectdesvoi-borgobcnden
752 3208 819 3259 l'e'sst
839 3206 891 3257 siob
911 3205 953 3256 scir
970 3208 1018 3258 deu
1035 3207 1196 3258 adverbialen
1209 3204 1260 3256 Ge-

192 3273 482 3337 Sutzosioiobtorgiuzt
492 3274 700 3327 debetortselbst
752 3275 845 3326 braucb
862 3276 907 3324 dos
924 3273 1041 3327 Ablativs
1058 3291 1108 3326 von
1122 3290 1187 3344 pore
1201 3274 1259 3324 kein

191 3341 258 3391 kann
267 3340 390 3411 uiobtmit
398 3341 697 3394 doverbuudeuwerden.
751 3343 860 3409 Boispiel
872 3341 1007 3411 octobres,
1025 3358 1116 3394 ausser
1127 3344 1173 3406 dcp
1185 3342 1260 3392 ebon-

226 3433 279 3497 as.
299 3441 356 3495 aa.
369 3443 624 3509 antiocena.
648 3445 697 3497 oa.
750 3410 1009 3531 {²1¹¹r3ppgqb0nr
1033 3407 1260 3544 temp,

191 3514 238 3564 ΜΓ
249 3512 331 3566 vim
341 3527 362 3564 ⁸·
374 3510 400 3579 ξ’
415 3511 471 3563 ¹2¹·
751 3518 836 3600 soient
851 3495 1004 3613 dicoroffl
1012 3495 1100 3599 &aaron
1115 3513 1261 3614 eprom’aot

217 3615 314 3678 socero
329 3610 460 3664 videmnus·
473 3610 550 3663 irati:
567 3611 642 3662 Tusc.
655 3610 697 3680 IV,
752 3632 829 3683 qoam
843 3620 965 3685 proxim
980 3614 1112 3680 accedunt,
1127 3611 1258 3679 confidere

191 3681 232 3747 25,
245 3681 277 3731 55
292 3680 427 3733 Oratorem
435 3696 495 3733 vcro
503 3682 586 3732 irasci
592 3681 698 3732 cabima
751 3687 942 3753 atbtpotomat.

190 3748 269 3814 docet,
278 3749 466 3801 maumam
473 3748 641 3818 aoododeoot.
653 3751 698 3800 An
785 3752 939 3804 oootmueb'o
952 3751 1101 3820 repedatur,
1113 3751 1137 3802 d.
1150 3750 1168 3801 i.
1179 3748 1259 3799 absti-

190 3818 522 3883 trbttumirarottddonwr,
534 3817 698 3884 comptum
752 3827 843 3871 nentur
862 3835 877 3871 a
899 3819 1061 3884 contumelia,
1085 3823 1256 3881 removeam,

190 3885 278 3935 emme
294 3886 380 3936 aerim
397 3890 423 3936 ot
441 3886 614 3937 commentitia
632 3885 697 3937 dioi-
751 3888 801 3938 wie
812 3895 888 3940 numu
899 3886 1161 3957 inconsumptum
1169 3891 1259 3950 gosem

190 3954 436 4019 mua-Agaminus·
446 3956 499 4005 abta
510 3953 612 4022 quddam
620 3969 698 4023 prae·
753 3957 794 4007 ist
831 4030 836 4034 .
