2776 4502
184 337 225 398 64
616 333 660 384 uu
678 332 817 386 euricus

185 507 289 561 cauus,
308 486 467 567 ⁴singularis
483 493 512 546 et
526 485 570 547 vir
584 495 612 548 et
626 487 800 567 imperator,
815 487 847 547 iu
862 487 1018 548 excidenda
1033 486 1190 548 Numantia
1204 487 1247 548 rei

184 573 315 654 puhhoae
335 571 446 652 profuit
466 589 554 651 quam
573 573 678 633 ecdem
699 582 834 652 tempore
848 572 881 632 P.
898 572 1002 633 Nasica
1016 571 1161 651 privatus,
1179 591 1246 633 cum

185 660 228 720 Ti.
241 657 405 719 Gracchum
419 656 574 717 interemit.
601 658 787 737 Quamquam
798 659 871 719 haec
881 657 997 737 quidem
1010 675 1058 718 res
1072 674 1135 717 uon
1149 657 1247 718 solum

185 763 221 806 ex
235 744 395 804 domestica
406 752 456 803 est
465 742 591 803 ratione:
607 742 722 821 attingit
736 743 823 804 etiam
834 742 976 817 bellicam,
991 742 1131 821 quoniam
1142 743 1170 802 ri
1181 760 1247 813 ma-

186 847 286 908 nuque
301 829 432 888 conlecta
442 828 506 911 lest:
526 828 577 888 sed
592 834 692 888 tamen
706 828 736 888 id
751 828 851 906 ipsum
866 835 911 888 est
925 835 1041 906 gestum
1057 827 1179 888 consilio
1195 845 1247 887 ur·

133 926 165 974 m
186 914 263 975 bano
285 913 348 973 siue
367 913 503 973 exercitu.
538 913 612 973 lllud
632 921 728 973 autem
750 912 896 992 optimum
916 919 975 985 est,
1000 913 1031 973 iu
1050 913 1130 991 quod
1150 912 1247 973 invadi

186 999 281 1060 solere
295 997 331 1058 ab
346 997 490 1079 improbis
506 1005 535 1058 et
549 997 654 1058 invidis
669 998 770 1060 audio:

273 1099 583 1179 &deterioratamque
601 1099 738 1161 coacedet
751 1099 855 1160 laureo
871 1099 960 1161 leudi.

187 1202 226 1263 Ut
240 1201 318 1262 euim
334 1201 406 1261 alios
420 1200 563 1270 omittam,
578 1201 665 1263 nobis
676 1221 739 1263 rem
750 1202 895 1280 publicam
908 1200 1136 1280 gubernantibus
1148 1217 1249 1261 uonue

188 1295 272 1364 togae
287 1304 369 1346 arma
384 1285 558 1348 cesserunt?
587 1287 687 1368 Neque
702 1287 781 1349 euim
796 1286 957 1366 periculum
972 1286 1003 1345 iu
1018 1305 1049 1346 re
1064 1284 1179 1364 publica
1194 1286 1249 1345 luit

187 1371 301 1452 gravius
327 1388 466 1450 umquam
486 1390 540 1431 uec
564 1372 659 1432 maius
685 1371 786 1433 otium.
823 1371 863 1431 lta
890 1369 1019 1431 consiliis
1046 1370 1249 1449 diligentiaque

187 1463 291 1517 nostra
307 1456 437 1517 celeriter
448 1457 484 1517 de
496 1457 632 1521 manibus
645 1456 908 1518 audacissimorum
922 1455 1027 1516 civium
1039 1456 1157 1535 delapsa
1168 1473 1250 1515 arma

189 1541 253 1620 ipsa
268 1541 441 1619 ceciderunt.
473 1541 616 1612 Quaeres
631 1543 720 1620 igitur
739 1548 821 1621 gesta
840 1560 983 1620 umquam
1002 1539 1034 1601 in
1052 1540 1126 1601 bello
1146 1536 1249 1600 tanta?

136 1636 167 1686 78
190 1626 238 1706 qui
252 1625 421 1704 triumphus
437 1624 656 1687 conferendus?
686 1627 765 1688 Licet
780 1625 858 1687 euim
879 1625 966 1699 mihi,
986 1625 1152 1698 Marcelli,
1172 1623 1250 1702 apud

189 1718 217 1771 te
233 1709 364 1790 gloriari,
388 1711 422 1771 ad
440 1730 527 1789 quem
543 1718 571 1772 et
585 1711 731 1774 hereditas
747 1710 965 1788 huiusgloriae
981 1718 1008 1770 et
1023 1711 1167 1771 laetorum
1182 1708 1250 1769 imi-

188 1795 258 1857 tatio
274 1795 408 1875 pertinet.
439 1794 508 1856 Mihi
528 1797 645 1876 quidem
661 1804 737 1858 certe
756 1797 800 1856 vir
815 1796 968 1856 abundans
984 1794 1093 1855 bellicis
1107 1792 1250 1865 laudibus,

190 1880 241 1941 Cu.
255 1879 424 1959 Pompeius
440 1880 539 1941 multis
555 1881 748 1954 audientibus
763 1881 821 1975 hoc
835 1878 945 1950 tribuit,
956 1885 993 1963 pt
1008 1872 1126 1950 diceret,
1143 1879 1252 1937 lrustra

191 1984 223 2026 se
237 1965 420 2043 triumphum
435 1964 553 2025 tertium
566 1961 788 2044 deportaturum
803 1964 902 2036 luisse,
917 1961 975 2023 nisi
990 1981 1057 2022 meo
1073 1963 1103 2022 in
1118 1981 1181 2022 rem
1193 1981 1251 2040 pu·

190 2049 296 2110 blicam
314 2049 457 2110 beneficio
478 2050 527 2110 ubi
546 2050 739 2130 triumpharet
764 2057 843 2110 esset
866 2047 1029 2109 habiturus.
1066 2047 1141 2107 Sunt
1164 2047 1253 2124 igitur

192 2133 368 2195 domesticae
392 2134 579 2195 fortitudines
603 2153 666 2195 nou
694 2134 847 2195 inferiores
871 2132 1059 2193 militaribus:
1089 2131 1120 2192 in
1146 2131 1252 2212 quibus

190 2219 257 2297 plus
274 2218 360 2278 etiam
376 2237 464 2297 quam
479 2219 510 2279 in
524 2218 571 2280 his
588 2218 856 2298 operaestudiique
871 2217 1043 2295 ponendum
1060 2224 1113 2277 est.

226 2421 257 2470 P.
270 2418 358 2488 Scipio
369 2418 464 2472 Norico
473 2419 594 2489 Serapio:
606 2421 631 2488 ξ.
640 2421 696 2471 109.
785 2419 1178 2486 maimedunatiefererFriede.
1188 2418 1256 2468 llliu·

226 2489 332 2540 coasilio
343 2490 452 2554 arboreo,
471 2490 547 2540 durch
564 2490 635 2540 einen
649 2491 697 2539 Be·
752 2490 786 2553 fig
803 2492 871 2540 steht
887 2492 969 2539 otium
985 2504 1013 2538 so
1027 2488 1068 2538 hei
1081 2488 1183 2538 Sallust
1198 2486 1254 2537 Cat.

193 2558 290 2607 schluss
303 2556 515 2623 iuuererPolitilr,
528 2558 575 2607 deu
586 2557 651 2608 lluth
661 2558 697 2608 ei·
717 2567 727 2572 ·
754 2557 793 2622 10,
807 2558 831 2607 2.
852 2557 891 2620 ll,
904 2557 928 2606 5.
941 2555 982 2620 36,
995 2556 1020 2604 4.
1035 2557 1058 2605 5.
1073 2554 1104 2605 lll
1117 2555 1141 2621 ξ.
1155 2554 1180 2605 3.

193 2640 237 2674 nes
251 2624 448 2690 Staatsmuuues‚
465 2625 498 2674 im
510 2624 653 2688 Gegeusatz
667 2643 698 2676 zu
785 2623 1188 2692 delapsaumtuipracece'deruat,
1200 2622 1255 2671 eine
1277 2642 1293 2697 ἰ

191 2692 302 2741 militare
314 2706 382 2741 eone.
751 2693 936 2760 pleonastische
946 2691 1181 2753 Ausdruclrsweise‚
1196 2691 1256 2739 'ahu-
1286 2706 1295 2721 ³
1329 2725 1334 2730 -

228 2756 488 2809 recedentem.
511 2759 699 2810 DerVerslst
751 2758 1257 2824 iteutnmr.1,e‚1eeteaeeeuueaee
1288 2800 1293 2811 ,
1334 2775 1340 2781 ·

192 2841 238 2876 aus
254 2825 311 2877 uem
327 2825 420 2875 dritten
437 2826 519 2875 buche
534 2843 583 2876 vou
596 2827 699 2877 Ciceros
752 2829 837 2894 aliquo
850 2832 876 2878 et
886 2828 974 2895 elapsu
986 2831 1033 2877 est.

194 2892 316 2943 Gediehte
326 2892 389 2942 iiber
399 2893 453 2943 seiu
463 2893 590 2944 Consulat.
602 2895 698 2962 laurea,
788 2895 829 2944 78.
842 2894 997 2946 Liootem'm,
1012 2892 1176 2945 Dieselbell''
1209 2894 1259 2943 eiu
1274 2914 1296 2945 a

194 2963 239 3012 der
249 2960 442 3010 Lorbeerlrrauz
458 2963 504 3011 des
521 2962 698 3028 triumphireu-
753 2965 799 3014 der
810 2963 1114 3027 Gedunlrenverbi'uduug,
1156 2977 1180 3011 re
1191 2960 1220 3024 ll,
1234 2960 1258 3023 9,

194 3030 241 3080 (lou
251 3028 399 3094 Feldherru‚
411 3029 477 3079 wird
487 3031 533 3079 der
540 3031 699 3080 miiudlioheu
754 3030 785 3080 32
797 3035 908 3100 possunt
919 3034 986 3081 enim
995 3036 1138 3099 praeterea.
1164 3029 1203 3080 Zu
1215 3044 1257 3077 er-

177 3136 179 3139 .
193 3097 347 3160 belchiguug
364 3097 447 3161 (laur)
466 3105 699 3162 eutgegeugesetzt,
753 3100 898 3162 genesim,
911 3100 957 3148 ich
971 3099 1073 3148 riihme
1085 3099 1175 3161 mich,
1185 3098 1257 3147 dcun.

194 3166 243 3214 wie
259 3164 296 3215 sie
310 3165 431 3215 Glevum
444 3166 595 3217 Seuutuuch
609 3166 701 3218 Ueter-
789 3168 951 3234 inemptam
960 3168 1072 3218 tertiam.
1087 3165 1180 3216 Zuerst
1190 3166 1259 3214 hatte

195 3231 325 3295 driichuug
346 3234 392 3282 der
413 3234 616 3284 catilinariseheu
634 3234 701 3286 Ver·
755 3235 888 3300 Pompejus
901 3232 1259 3301 alsPropruetoriiberlliar·

195 3301 346 3362 sohwiiruug
357 3300 456 3350 erhielt.
473 3301 533 3351 Wie
543 3303 639 3352 sehrer
647 3318 701 3353 we·
754 3303 800 3354 buu
812 3320 861 3353 vou
871 3302 1001 3356 Numidica
1014 3303 1064 3352 uuul
1076 3304 1124 3353 deu
1134 3299 1260 3351 Mariauer

195 3367 701 3437 geudiesesVersesaugeleindetwurde,
736 3372 877 3437 ,Domitius
894 3371 1037 3437 triumphirt
1049 3369 1100 3420 674
1116 3369 1177 3434 (80),
1194 3368 1259 3417 daun

196 3435 272 3486 selaeu
296 3435 344 3484 wir
366 3450 411 3485 uus
430 3436 454 3486 iu
471 3436 555 3487 Pisou.
573 3435 613 3501 30,
633 3438 665 3487 73
682 3438 700 3489 l.
755 3438 805 3490 683
816 3440 867 3504 (ll)
880 3439 945 3488 iiber
953 3439 1082 3489 Sertorius
1094 3438 1144 3487 und
1161 3436 1259 3486 eudlich

195 3503 259 3554 Phil.
273 3501 303 3567 ll,
317 3502 339 3568 8,
352 3503 392 3553 20'
402 3501 455 3554 Nee
471 3520 530 3555 uero
542 3507 589 3556 tihi
603 3506 635 3557 de
646 3523 702 3559 rer·
756 3506 805 3556 693
828 3506 879 3571 (61)
906 3507 969 3557 iiber
989 3508 1028 3556 die
1049 3504 1190 3556 Seeriluber
1209 3502 1261 3553 und

196 3574 266 3622 eicos
289 3571 461 3640 respondebo:
495 3577 596 3631 tantum
618 3574 703 3625 dirum
755 3575 915 3626 Mithridates
926 3577 975 3626 und
985 3574 1115 3637 Tigranes.
1136 3573 1185 3623 Cic.
1196 3570 1260 3620 Phil

197 3641 314 3700 breuiter,
332 3656 413 3707 aeque
427 3640 483 3691 illue
498 3657 579 3708 neque
595 3642 660 3693 allos
678 3647 703 3694 le
756 3643 786 3707 ll,
803 3644 827 3707 5,
849 3642 1082 3693 rememorare
1100 3639 1261 3692 resedatum

198 3710 298 3757 camiac
319 3708 420 3759 b‘tterae
440 3724 528 3774 nosse,
549 3713 705 3762 memoret
755 3727 841 3762 meum
859 3710 903 3762 Cn.
916 3711 1054 3777 Pompeius
1069 3711 1192 3777 probauit,
1210 3710 1259 3774 qui,

195 3773 310 3842 publicae
317 3778 704 3843 aeoamiee'eumpuamdqfuiere
755 3784 786 3831 ut
796 3797 838 3830 me
847 3782 960 3847 parmam
975 3777 1097 3828 decedens
1109 3794 1123 3827 e
1133 3774 1213 3845 Syria
1223 3777 1262 3826 ee'·

180 3862 184 3911 {
198 3846 244 3891 eet.
266 3840 369 3892 Muuohe
381 3844 479 3894 luesteu
491 3846 538 3895 cleu
548 3845 615 3896 Vero
628 3861 703 3911 sogor
756 3848 801 3910 dil,
815 3846 964 3914 complemur
975 3845 1145 3911 etgrululuae
1154 3861 1210 3896 aueo
1219 3846 1263 3894 be·

197 3909 339 4022 pprsiiulieh
349 3912 387 3959 uls
396 3912 649 3978 eiuellerahsetzuu'g
657 3916 702 3965 des
755 3917 846 3982 aefica'o
853 3912 1262 3982 patrimasetu'eorumescediee'l.

229 3975 498 4038 iegerischenlluhuaes
508 3982 701 4049 desPompejus.
782 3981 974 4048 fortitudines:
986 3998 1007 4033 s.
1019 3999 1041 4033 z.
1055 3982 1079 4049 ς.
1092 3981 1133 4033 41.
1218 3980 1222 3985 ”
