2776 4502
228 1457 324 1546 (luem
340 1472 515 1533 admodum
531 1471 626 1533 olfieia
638 1472 814 1535 ducerentur
825 1473 861 1534 ah
874 1474 1035 1546 honestate,
1051 1473 1146 1536 Meroe
1157 1475 1206 1553 fili,
1227 1482 1244 1542 1

142 1567 229 1639 atque
244 1559 281 1620 ab
299 1556 381 1619 omui
396 1576 503 1636 genere
516 1556 630 1618 virtutis
646 1559 717 1619 satis
733 1558 907 1638 explicatum
922 1559 1049 1620 arbitror
1063 1558 1138 1620 libro
1154 1578 1205 1621 su·
1229 1576 1241 1625 1

144 1644 269 1725 periore.
296 1643 436 1723 Sequitur
451 1642 565 1728 qthaeo
575 1643 740 1704 officiorum
751 1662 859 1722 genera
870 1663 1037 1725 persequar,
1053 1662 1126 1724 quae
1137 1664 1207 1724 per·

67 1803 72 1807 ,
138 1724 238 1791 'tinent
252 1730 289 1790 ad
304 1728 379 1789 vitae
394 1728 506 1789 cultum
521 1735 551 1788 et
565 1728 600 1788 ad
616 1747 717 1788 earum
730 1747 840 1802 rerum,
855 1728 961 1809 quibus
973 1735 1097 1789 utuntur
1107 1729 1207 1790 homi-

143 1834 205 1889 neS,
222 1815 397 1886 facultatem,
410 1814 449 1874 ad
465 1830 546 1890 opes,
562 1813 598 1874 ad
614 1812 728 1892 copias:
749 1813 854 1893 inquo
871 1821 936 1874 tum
951 1813 1050 1893 quaeri
1065 1813 1124 1874 dixi
1137 1814 1208 1893 quid

64 1931 73 1943 ,
144 1900 226 1974 utile,
247 1899 316 1978 quid
334 1898 449 1971 inutile,
470 1905 534 1958 tum
549 1915 584 1958 ex
599 1897 717 1959 utilibus
732 1900 804 1978 quid
818 1898 917 1960 utilius
933 1905 984 1960 eui
997 1898 1067 1978 quid
1082 1899 1209 1960 maxime

144 1984 222 2046 utile.
251 1985 294 2046 De
314 1984 421 2064 quibus
437 1983 534 2069 dicere
548 1983 706 2062 adgrediar,
729 1985 755 2045 si
769 2004 862 2064 pauca
876 1985 958 2063 prius
975 1985 1011 2045 de
1026 1984 1158 2046 instituto
1175 2003 1209 2045 ae

145 2071 181 2131 de
200 2069 308 2131 iudicio
328 2089 396 2130 meo
413 2069 538 2150 direro.¹
555 2069 742 2150 Quamquam
756 2070 835 2131 enim
850 2070 917 2131 libri
931 2068 1027 2131 nostri
1042 2070 1207 2148 complures
1228 2085 1244 2135 2
1291 2135 1299 2160 ,

146 2172 209 2215 non
228 2155 318 2214 modo
335 2156 369 2214 ad
389 2153 517 2232 legendi,
537 2155 589 2214 sed
604 2153 691 2221 etiam
707 2156 743 2216 ad
759 2155 912 2218 scribendi
920 2155 1051 2217 studium
1067 2155 1330 2243 excitaveqqrffl

146 2245 229 2313 runt,
248 2246 349 2299 tamen
363 2239 510 2323 interdum
524 2257 627 2299 vereor
640 2258 678 2300 ne
694 2240 870 2319 quibusdam
885 2241 974 2302 bouis
989 2238 1059 2300 viris
1074 2239 1209 2318 philoso-

128 2324 230 2404 ‘phiae
249 2341 361 2385 nomen
383 2324 422 2384 sit
446 2323 574 2385 invisum
595 2324 797 2407 mirenturque
812 2326 843 2386 iu
862 2345 895 2387 ea
908 2332 1024 2387 tantum
1039 2342 1087 2384 me
1104 2343 1210 2403 operae
1232 2279 1341 2387 &7²³

145 2419 173 2470 et
191 2408 335 2489 temporis
354 2428 475 2497 ponem.
509 2409 571 2487 Ego
591 2417 702 2484 autem,
724 2429 812 2491 quam
832 2411 882 2471 diu
897 2409 1074 2490 respublica
1089 2427 1208 2488 pereos

145 2494 307 2572 gerebatur,
323 2494 430 2573 quibus
446 2513 478 2554 se
492 2494 558 2572 ipsa
572 2494 769 2569 commiserat,
785 2513 889 2555 omnes
904 2515 985 2556 meas
1002 2512 1085 2554 ouras
1098 2494 1208 2571 eogita-

147 2578 304 2657 tionesque
330 2579 360 2637 iu
386 2597 451 2638 eam
477 2576 672 2638 conferebam.
713 2579 787 2640 Cum
817 2588 914 2640 autem
946 2578 1099 2640 dominatu
1118 2578 1208 2639 unius

181 2721 211 2780 1.
227 2729 249 2779 1.
260 2729 433 2795 faeultoiem:
444 2727 462 2794 l,
472 2727 496 2792 3,
506 2728 530 2778 9.
541 2726 563 2778 ΙΙ
571 2727 648 2794 §.152
702 2733 747 2782 let.
766 2730 804 2781 St.
817 2746 841 2797 p.
855 2729 888 2780 29
907 2730 1040 2781 iibersetzt
1055 2729 1143 2795 ,Wahl
1163 2732 1208 2781 (lea

145 2801 190 2849 der
205 2797 292 2848 Plurol
314 2799 377 2847 wiri
394 2804 498 2847 uoueret
512 2797 650 2860 gebrauelrt
703 2799 813 2850 Stoffes‘.

144 2868 229 2917 =tlie
242 2865 334 2917 blittel.
737 2866 761 2917 2.
793 2867 848 2934 Dus¹
870 2866 1025 2931 preamium,
1052 2868 1133 2918 woriu
1154 2866 1206 2919 Cie.

179 2939 236 2985 tam
247 2951 282 2985 ea>
297 2934 403 2984 utilibus
414 2961 450 2969 -
460 2937 575 2984 momine
587 2933 650 2985 utile
704 2935 775 2985 seiae
791 2934 1009 3000 philosophiseheu
1023 2935 1127 2985 Studien
1146 2938 1207 2987 uaele

145 3002 209 3052 lehlt
225 3002 249 3051 in
266 3003 313 3051 deu
334 3003 441 3051 meister
458 3002 546 3063 Hira,
568 3002 650 3052 woriu
704 3005 760 3054 (lem
772 3002 934 3066 Uutergauge
947 3003 993 3051 der
1004 3002 1129 3068 Republik
1143 3003 1204 3069 (§.l

146 3070 230 3119 iudeus
248 3072 310 3119 noeh
327 3071 384 3120 keiu
404 3067 492 3119 Grund
508 3070 583 3133 liegt‚
601 3071 650 3120 deu
702 3070 768 3133 —ssl
792 3072 842 3119 und
866 3071 936 3119 selue
960 3069 1077 3120 Methode
1103 3069 1141 3136 (ᾖ.
1154 3071 1207 3135 li.)

145 3153 242 3202 gorzon
252 3137 313 3188 Satz
322 3154 372 3189 rou
380 3139 410 3187 ire
421 3151 470 3202 quo
483 3142 538 3188 tum
549 3153 581 3187 an
590 3150 662 3207 aus-2
704 3137 876 3201 reobtiertigt,
896 3138 990 3188 stimmt
1001 3139 1057 3189 dem
1070 3137 1208 3189 Gedaukeu

146 3213 292 3267 zustoszen,
311 3206 360 3256 wie
372 3204 458 3268 Unger
469 3206 566 3256 wollte.
597 3206 650 3255 Der
703 3207 765 3257 uaolr
778 3221 842 3270 ganz
856 3205 958 3255 iiberein
970 3206 1016 3256 mit
1028 3207 1083 3256 dem
1096 3220 1152 3257 zum
1164 3223 1208 3257 er-

145 3275 208 3323 oueli
222 3275 362 3338 epraeblieh
374 3288 437 3336 ganz
450 3272 648 3323 unbedeuliliobe
704 3282 760 3325 sten
772 3274 856 3324 Buehe
875 3274 905 3325 de
918 3281 968 3324 eat.
982 3275 1052 3324 deor.
1076 3275 1116 3325 Ar
1128 3275 1207 3326 Attio.

146 3340 242 3391 Zusatz
255 3340 324 3404 glebo
335 3342 375 3390 «lie
387 3339 477 3390 beiden
489 3341 650 3406 Haupttheile
705 3343 744 3392 16.
759 3342 774 3392 6
787 3350 844 3407 sagt
855 3343 907 3394 Cio.
924 3344 1003 3395 babeo
1020 3344 1137 3395 volumen
1145 3360 1213 3412 pro-y

147 3408 390 3471 tlesBuelrsan,tlie
403 3423 452 3458 rou
466 3425 488 3458 e.
502 3407 649 3459 3-2rune
703 3413 854 3462 omniorum.
891 3411 935 3462 Ea·
958 3428 987 3462 eo
1012 3412 1108 3480 eb‘gere
1131 3412 1208 3477 soleo,

146 3493 168 3526 e.
181 3476 214 3525 25
233 3476 389 3541 besproelreu
405 3477 515 3526 werden.
540 3476 578 3526 De
594 3480 649 3543 qei-
703 3495 761 3530 eum
772 3480 876 3546 aliquod
888 3476 1060 3551 σύγγραμμα
1072 3483 1181 3530 institui.

147 3546 193 3596 oue
222 3545 323 3595 bezieht
351 3543 404 3594 siob
432 3545 488 3595 elem
513 3543 649 3595 Gedaulren
735 3548 963 3600 edemibeadirde
976 3556 1027 3599 nat.
1040 3549 1109 3598 deor.
1123 3546 1207 3612 1‚4,8

146 3614 208 3663 neelr
219 3611 266 3665 auf
274 3613 422 3680 officiorum
452 3628 536 3663 eriora.
702 3633 780 3682 eoque
796 3633 838 3667 me
853 3620 939 3668 mrbus
955 3618 1072 3666 restituti
1080 3618 1133 3665 mei
1142 3632 1207 3686 poe-

180 3680 211 3732 ole
221 3684 340 3732 irritato
352 3695 383 3732 ao
393 3682 421 3731 iu
444 3684 494 3743 oio,
507 3681 571 3732 iiber
582 3682 649 3733 mein
701 3688 776 3750 nitet,
794 3684 869 3750 ‚quod
885 3684 970 3750 faeile
986 3684 1104 3750 intellego
1128 3701 1205 3751 quam

37 3791 45 3796 .
145 3747 329 3800 Unternebmen
348 3749 399 3798 untl
415 3748 585 3813 dieAuaiebt,
603 3753 649 3801 der
701 3753 844 3803 multorum
859 3768 911 3802 oon
927 3751 1003 3802 modo
1023 3752 1138 3804 direendi
1159 3753 1207 3803 sed

145 3817 184 3866 ielr
198 3816 272 3880 lolge.
291 3816 417 3871 'iudaeum
428 3816 530 3868 bezielit
542 3819 593 3868 eieli
606 3818 652 3868 auf
702 3825 780 3871 etiem
788 3820 916 3872 scribendi
923 3820 1205 3872 etudiaeommooeeim.

146 3883 185 3934 (lie
214 3883 423 3950 Reebtfertigueg
447 3889 493 3938 (loe
521 3888 648 3937 ebedemi·
736 3890 871 3939 bonieiri:
891 3886 1002 3953 1,7‚20.

144 3953 221 4003 selaeu
234 3952 421 4021 Stauipunlrtee
433 3954 458 4022 ᾗ
469 3955 507 4006 ll.
526 3954 646 4018 Niqeleb.
718 3982 722 3986 ·
734 3957 912 4024 philosophiae
922 3973 1029 4027 nomen.-
1038 3955 1080 4021 ΙΙΙ,
1094 3955 1134 4021 28,
1150 3956 1206 4008 tot.
