2772 4504
467 377 472 397 ,
493 319 606 372 mem.
635 320 706 373 oar.
721 321 839 373 17-19.

464 412 509 464 ea
530 410 666 457 ¹reete

140 473 243 549 emavi,
264 344 462 637 alteru&
477 475 526 536 odi
540 484 702 537 monuum.
732 474 790 537 Sed
805 493 871 536 oum
886 474 1050 536 Basilusdl.
1067 474 1195 539 Satrium
1216 490 1249 541 74

140 560 251 622 sororis
271 559 363 622 lilium
456 577 493 620 en
513 578 601 622 suum
621 562 695 622 ferre
709 559 850 622 voluisset
869 579 996 640 eumque
1012 559 1127 622 fecisset
1141 560 1194 622 he-

1132 323 1194 391 193

139 645 239 706 rodem
258 680 299 689 -
319 644 399 705 hune
418 645 483 706 dieo
502 653 662 726 patronum
680 647 741 724 agri
757 644 855 708 Piceni
871 654 900 706 et
915 645 1027 720 Sabini,
1046 665 1064 706 o
1079 653 1195 725 turpem

138 739 239 791 notam
252 739 423 810 temporum
440 732 563 808 [nomen
577 730 724 808 illorumll
740 767 791 806 -‚
808 749 881 792 num
896 739 958 793 erat
971 750 1095 811 aequum
1111 731 1195 810 prin-

114 850 117 869 ›
139 815 219 894 cipes
238 815 315 877 oives
337 833 399 876 rem
415 815 535 891 hahere,
559 817 739 899 adJSatrium
753 817 825 879 nihil
839 824 954 896 praeter
967 835 1078 877 nomen
1092 835 1195 896 perve-

138 897 223 961 niref
251 900 381 975 Etenim,
397 901 422 961 si
436 902 476 975 is,
491 902 616 981 quinon
632 903 759 965 defendit
773 901 908 977 iniuriam
923 920 1018 982 neque
1034 901 1195 981 propulsat,

138 1004 208 1052 cum
221 994 332 1065 potest,
350 985 462 1049 iniuste
473 989 555 1061 feeit,
575 989 652 1049 utin
668 989 765 1067 primo
782 988 856 1049 libro
873 988 1013 1062 disserui,
1034 986 1126 1067 qualis
1141 988 1194 1047 ha-

137 1069 254 1133 bendus·
266 1079 312 1133 est
326 1072 366 1145 is,
387 1072 435 1151 qui
450 1090 512 1133 non
527 1073 618 1134 modo
633 1092 695 1136 non
709 1073 835 1153 repellit,
851 1073 902 1134 sed
917 1073 1003 1134 etiam
1019 1072 1134 1133 adiuvat
1148 1071 1195 1133 in-

79 1218 86 1229 ,
136 1154 263 1218 iuriam?
306 1156 375 1218 Mihi
402 1158 521 1236 quidem
547 1158 635 1219 etiam
661 1178 745 1220 verae
769 1158 943 1219 hereditates
968 1176 1031 1218 non
1056 1158 1197 1218 honestae

74 1260 79 1267 ·
136 1240 283 1316 sidentur,
310 1242 336 1304 si
355 1251 425 1303 sunt
444 1242 596 1304 malitiosis
615 1243 778 1319 blanditiis,
802 1244 966 1305 officiorum
987 1260 1048 1304 non
1069 1242 1195 1315 veritate,

107 1334 112 1341 ’
138 1326 191 1388 sed
216 1327 401 1389 simulatione
428 1329 583 1408 quaesitae.
623 1329 711 1409 Atqui
735 1329 767 1389 in
792 1328 896 1390 talibus
922 1328 1009 1389 rehus
1029 1327 1106 1389 aliud
1125 1326 1196 1388 utile

136 1410 297 1486 intendam,
312 1413 389 1475 aliud
403 1413 561 1474 honestum
576 1413 665 1474 rideri
681 1413 765 1474 solet,
795 1414 896 1475 Falso:
916 1432 984 1475 nam
997 1413 1101 1477 ,eadem
1115 1412 1194 1473 utili·
1217 1417 1248 1466 75
1263 1428 1274 1451 ⁶

137 1495 205 1558 tatis
220 1515 295 1576 quae
309 1497 471 1559 honestatis
487 1509 532 1559 est
545 1498 653 1577 regula.
683 1499 739 1573 Qui
753 1499 812 1560 hoc
825 1516 886 1559 non
901 1497 1069 1578 perviderit,
1088 1497 1196 1559 abhoc
1230 1558 1237 1573 ,

137 1667 201 1721 eueh
218 1666 244 1716 in
260 1668 306 1717 der
321 1667 466 1732 Einleitung
480 1682 535 1718 zum
548 1667 640 1718 Brutus

138 1735 179 1785 ein
192 1734 351 1786 ehrenvolles
363 1735 483 1786 Denhmnl
497 1742 587 1785 setzte.

171 1802 282 1854 othrum
297 1819 348 1854 noa
367 1803 410 1855 odi
424 1808 565 1855 mortuum.
590 1803 640 1853 Cis.

137 1886 192 1921 wer
214 1869 321 1922 Crassus
349 1872 524 1923 erhittertster
547 1870 639 1933 Feind3

137 1940 168 1989 ad
184 1938 242 1990 fem.
255 1938 274 2003 l,
288 1940 311 2002 9,
324 1940 339 1989 'l
364 1955 422 1991 eum
437 1939 563 1992 museum
578 1938 642 1990 allud

138 2007 224 2059 edium
242 2008 381 2060 multmum
402 2011 456 2059 εἰπε
478 2008 589 2073 (Crassi)
611 2009 640 2058 tn

137 2092 178 2126 me
188 2078 355 2142 ieiunorum,
377 2077 445 2143 quod
455 2093 510 2142 ego-
519 2092 560 2127 me
572 2077 639 2142 effu-

138 2144 208 2195 disse
231 2160 304 2195 omne
323 2146 488 2208 arbitrabar,
506 2144 640 2196 residuum

138 2217 223 2263 temen
235 2214 357 2263 insciente
367 2214 526 2279 mesutsset,
537 2216 641 2280 repente

139 2296 213 2331 omne
224 2280 354 2348 adparuit.
391 2280 458 2330 Doeh
477 2279 534 2330 land
545 2280 641 2343 wenig-

138 2356 210 2399 stens
222 2350 285 2400 noeh
301 2350 356 2399 eine
369 2348 515 2398 seheinhare
527 2347 641 2398 Auss'dh-

138 2433 206 2480 nuug
221 2432 269 2468 vor
281 2416 387 2468 Cnossos
400 2415 471 2480 Zuge
489 2417 550 2465 naeh
562 2416 641 2466 hsien

139 2492 217 2546 etstt3
241 2486 272 2535 ad
289 2484 345 2534 fam.
364 2500 395 2535 nn
412 2485 544 2535 desselben
561 2483 642 2534 Stelle

139 2569 198 2604 eum
214 2553 352 2622 Pompeius
368 2557 405 2603 itu
422 2552 594 2604 contendisset
612 2556 644 2602 et

138 2621 331 2686 nihilumquam
338 2622 433 2688 retegis,
442 2625 538 2672 uteum
549 2619 641 2671 Crasso
657 2631 662 2638 ’

139 2688 251 2741 redsiem
259 2689 641 2755 ingratiam-habuissemus-

137 2773 233 2827 porum
248 2758 333 2809 solum
347 2760 486 2818 rationem,
508 2756 642 2808 sedetiam

138 2830 247 2878 natm
257 2842 336 2890 meae,
350 2825 517 2891 Crassusque,
529 2829 560 2876 ut
571 2826 645 2892 qussi

140 2899 235 2945 testate
243 2894 338 2964 populo
349 2893 464 2946 nonme
476 2897 546 2944 esset
552 2897 642 2959 gratia

139 2967 236 3027 nostra,
247 2978 329 3031 paene
339 2978 356 3013 a
367 2964 431 3014 mets
440 2962 537 3013 teritus
546 2965 573 3012 tn
580 2977 641 3031 pro-

139 3032 246 3080 oiaetum
258 3035 298 3081 est
306 3032 450 3098 profectus.

172 3097 213 3148 74.
220 3096 383 3150 Μάγωνι.
394 3097 642 3164 Naohderhdoption

140 3167 209 3217 hiess
221 3182 250 3216 er
265 3165 300 3217 M.
313 3166 437 3231 Minucius
449 3166 547 3217 Basilus
560 3165 642 3216 Satri·

46 3258 50 3267 1
141 3249 212 3285 anus.
240 3235 278 3285 Er
288 3250 343 3286 wer
354 3236 392 3285 ein
406 3234 519 3285 Genosse
532 3235 576 3285 des
589 3234 642 3284 An-

141 3303 225 3351 tonius
246 3304 296 3353 und
311 3303 376 3353 wird
392 3303 454 3363 such
475 3301 538 3352 Phil.
550 3299 583 3363 ll,
601 3301 642 3363 41,

143 3368 191 3419 107
201 3369 239 3419 als
248 3369 341 3421 Peteon
351 3370 480 3420 italiseher
488 3368 642 3420 Lendsehof-

142 3444 185 3488 ten
198 3438 365 3502 sngegriffen:
381 3442 485 3489 uexauit
498 3438 641 3502 (Antonius)

139 3505 309 3569 Puteolanos,
332 3506 399 3573 quod
421 3505 550 3571 Cassiano,
576 3506 645 3573 qued

140 3574 237 3626 Brutos
246 3578 370 3642 patronos
386 3573 560 3643 adoptassent.
584 3573 642 3626 Μα-

179 3659 193 3694 ο
204 3642 306 3708 qesidem
316 3642 410 3694 iudicio
421 3642 519 3708 studio,
536 3643 641 3694 tensos-

183 3714 219 3761 ἦα
227 3714 342 3777 cauete,
354 3726 406 3761 neu
414 3715 445 3762 ut
454 3710 643 3777 sentuosum

141 3779 168 3829 ui
184 3783 211 3828 et
224 3782 305 3830 maras
322 3783 348 3830 et
362 3779 426 3830 alies
441 3781 524 3829 uestri
538 3779 642 3845 modies,

143 3860 206 3911 quos
215 3846 315 3912 clientes
326 3862 399 3898 nuno
411 3846 507 3897 latere
515 3846 580 3911 aem,
591 3861 644 3897 non

142 3912 336 3965 modo'illorum
350 3916 428 3965 eliens
440 3931 504 3965 esse.
533 3913 645 3964 Ilerllli-

143 3980 644 4048 nueiusliasilus,dervonhppiunll,113

196 4061 242 4107 cte.
250 4063 278 4107 de
288 4064 348 4107 oilie.

693 1675 768 1718 untes
779 1645 828 1718 den
839 1667 959 1718 Mdrdern
968 1666 1075 1718 Caesar-s
1087 1673 1197 1731 genennt

693 1736 756 1786 wird
769 1736 818 1785 und
834 1735 867 1785 im
884 1734 1017 1800 folgenden
1029 1735 1104 1785 lehre
1117 1734 1198 1785 selhst

693 1804 840 1922 qlrqulqlqsgen
852 1805 953 1867 warde,
971 1804 1007 1854 ist
1019 1803 1143 1854 natiirlioh
1155 1802 1196 1852 ein

728 1957 862 2020 otus-pem
882 1956 971 2003 notem
988 1957 1131 2022 ternporum
1150 1968 1197 2002 uo-

693 2038 752 2072 men
771 2020 880 2073 allorum.
906 2019 940 2069 So
961 2021 1040 2070 heheu
1061 2021 1101 2070 die
1122 2019 1196 2070 lldss.

693 2089 758 2140 llass
771 2088 821 2147 Cio.
840 2091 887 2139 den
904 2086 999 2147 Numen
1017 2089 1115 2140 Besilus
1137 2090 1196 2154 fdu-

695 2152 793 2221 σιλεύς)
809 2156 851 2208 fuir
862 2157 918 2206 eine
931 2160 1014 2226 turpis
1026 2162 1087 2209 nota
1100 2161 1196 2225 tempo-

693 2241 753 2277 rum
765 2225 882 2275 erliliirea
895 2225 957 2289 soll,
978 2226 1059 2275 worin
1076 2232 1105 2275 er
1120 2226 1197 2276 hh’oh-

695 2301 765 2344 stens
775 2295 814 2343 ein
821 2293 918 2344 melum
926 2308 999 2343 omen
1011 2293 1197 2359 sehenhonnte,

695 2361 729 2412 ist
749 2361 897 2423 unmoglich.
931 2375 1024 2410 nomen
1038 2361 1143 2411 illerum
1163 2361 1197 2411 ist

695 2428 903 2493 Rnnderkl'drnng
925 2428 995 2478 eines
1018 2428 1124 2490 Lesers,
1152 2429 1198 2477 der

680 2498 764 2547 inioht
774 2497 902 2559 verstend,
921 2495 979 2545 dass
992 2496 1037 2545 der
1048 2495 1146 2546 husruf
1155 2495 1201 2546 auf

695 2567 740 2631 das
756 2564 961 2627 vorhergehende
973 2568 1121 2630 ‚petreum
1137 2567 1199 2629 agri

695 2633 784 2683 Picent
805 2632 858 2682 sieh
881 2631 989 2681 hezieht,
1024 2632 1059 2682 Es
1082 2633 1117 2682 ist
1141 2632 1196 2681 eine

695 2700 823 2763 Sohmueh
835 2697 894 2750 dest
903 2698 1094 2764 Landsehaften,
1103 2700 1143 2750 die
1153 2699 1197 2749 dae
1215 2624 1223 2819 ¹

695 2769 819 2819 rtimisehe
839 2767 1007 2831 Biirgerreoht
1028 2767 1120 2830 haben,
1144 2767 1196 2816 sioh

695 2838 767 2888 einen
791 2835 916 2887 Patronus
940 2836 1067 2885 erwiihlen
1087 2836 1196 2899 miissen,

694 2906 744 2956 wie
753 2902 1045 2955 unterworfeneViilher
1055 2903 1083 2967 (l,
1095 2904 1135 2966 11,
1145 2901 1196 2965 35),

694 2975 745 3025 und
756 2989 813 3024 vom
822 2972 1076 3036 Porteistsndpunkte
1086 2970 1196 3033 Ciceros,

695 3045 754 3092 dese
775 3042 813 3092 sie
830 3041 904 3090 einen
921 3038 1046 3089 Antonius
1064 3040 1114 3089 und
1127 3039 1198 3089 Besi-

696 3111 736 3160 lus
743 3149 750 3173 ,
769 3110 836 3159 nieht
848 3108 940 3158 Brutus
952 3108 1002 3157 und
1015 3106 1116 3158 Cassius
1128 3107 1198 3156 with-

696 3178 747 3228 leu.
771 3176 869 3228 Wollte
880 3191 936 3225 man
948 3175 1004 3224 hlos
1015 3190 1108 3226 nomen
1121 3174 1198 3224 strei-

696 3247 772 3310 ehea,
794 3260 822 3295 so
834 3244 921 3294 wiirde
932 3243 1037 3294 illorum
1053 3260 1085 3293 zu
1102 3246 1199 3310 ternpo-

696 3330 757 3365 rum
766 3314 834 3364 nieht
844 3327 943 3378 nasson,
956 3311 987 3361 du
996 3311 1024 3374 ja
1037 3312 1060 3361 in
1074 3312 1119 3361 der
1131 3309 1197 3374 Zeit,

695 3398 736 3432 wo
746 3381 797 3432 Cio.
810 3382 863 3431 dies
876 3378 982 3442 sehrieh,
996 3379 1095 3429 Satrius
1103 3378 1198 3429 Patron

695 3465 761 3513 war,
779 3449 831 3500 Cie.
847 3448 933 3499 mithin
949 3452 1092 3515 temporum
1106 3447 1199 3497 lterum

695 3518 858 3582 gesehriehen
870 3515 950 3567 hohen
961 3516 1057 3566 wiirde.

727 3606 813 3673 emmo
824 3603 902 3653 libro:
919 3602 943 3664 7,
956 3600 997 3652 23.

729 3689 867 3739 malitiosis
879 3686 1015 3737 blanditiis.
1037 3685 1084 3735 Die
1096 3684 1198 3745 Bosheit

695 3756 759 3808 wind
772 3755 843 3807 dobei
856 3769 936 3819 gegen
949 3755 988 3803 die
1000 3753 1136 3818 ausgeiiht‚
1153 3753 1198 3803 de-

698 3841 745 3876 nen
758 3825 802 3875 das
812 3822 878 3874 Erhe
892 3828 1014 3885 eutzogen
1023 3821 1097 3871 wind.

733 3911 774 3960 75.
798 3910 829 3960 ah
851 3908 898 3958 hoe
920 3907 990 3959 stulta
1002 3907 1090 4025 (rsus
1110 3905 1199 3967 aberit,
1302 3906 1304 3913 “

699 3979 744 4029 der
755 3979 789 4029 ist
797 3977 871 4043 iedes
883 3975 991 4039 Betrugs
1014 3974 1079 4037 dhis.
