2776 4502
536 323 628 376 nmr.
654 323 867 378 canas-et.
1193 329 1234 393 85

171 479 261 558 igitur
273 480 312 541 ad
327 485 447 542 naturae
462 497 532 543 suae
542 495 606 541 non
615 479 738 542 uitiosae
749 498 842 559 genus
854 479 1009 542 consilium
1020 481 1134 544 vivendi
1146 499 1235 543 omne

172 564 343 639 contulerit,
363 565 389 625 is
410 563 606 627 constantiam
625 572 723 627 teneat
740 600 782 610 -
800 565 831 626 id
851 565 930 627 enim
944 566 1071 627 maxime
1086 566 1168 629 decet
1181 601 1234 640 -,

171 649 231 711 nisi
246 652 322 711 sorte
336 667 369 710 se
383 649 554 711 intdlexerit
568 668 684 712 errasse
698 649 899 730 indeligendo
915 668 1022 730 genere
1036 651 1118 712 vitae.
1148 652 1235 725 Quod

172 735 200 795 si
214 734 407 797 acciderit-
422 741 635 814 potestantem
650 736 780 798 accidere
794 771 849 810 —,
870 735 1001 798 facienda
1015 754 1135 798 momm
1149 735 1235 819 instif

171 827 363 898 tutorumque
382 820 505 882 mutatio
525 828 578 882 est.
611 820 684 883 llam
705 821 898 883 mutationem
919 823 945 882 si
964 827 1098 901 tempora
1116 820 1235 882 adiura-

172 904 261 979 bunt,
280 904 393 966 facilius
414 905 658 986 commodiusque
677 906 832 968 iaciemus:
854 905 900 979 sin
918 906 1033 979 minus,
1054 906 1165 967 sensim
1181 904 1237 966 erit

42 1004 47 1015 ‘
151 989 421 1075 ,pedetemtimque
440 990 583 1063 iacienda,
608 998 640 1052 ut
659 991 815 1064 amicitias,
834 1011 908 1071 quae
926 991 1025 1052 minus
1045 991 1189 1052 delectent
1208 997 1236 1050 et

148 1104 156 1121 2
173 1074 273 1138 minus
288 1075 459 1154 probentur,
474 1075 567 1155 magis
582 1076 686 1138 decere
702 1086 824 1138 censent
838 1076 986 1156 sapientes
1002 1076 1114 1137 sensim
1127 1074 1236 1136 diluere

174 1178 262 1239 quam
282 1168 403 1239 repente
422 1161 598 1240 praecidere.
630 1162 818 1224 Commutato
834 1169 930 1222 autem
945 1175 1050 1241 genere
1064 1160 1138 1222 vitae
1226 1159 1234 1219 i
1257 1166 1303 1217 121

173 1246 285 1308 ratione
301 1244 463 1308 curandum
478 1255 525 1307 est
538 1254 571 1308 ut
584 1247 614 1308 id
629 1245 710 1308 bono
727 1247 851 1308 consilio
867 1246 972 1308 secisse
986 1177 1242 1343 videamurym,
1259 1258 1291 1322 9,
1298 1258 1371 1323 355⁶

258 1331 317 1392 Sed
332 1331 473 1410 quoniam
486 1329 585 1410 paullo
597 1332 784 1393 antedictum
796 1332 1194 1393 estimitandosessemaror
1228 1376 1236 1401 ,
1271 1312 1288 1353 Ι

171 1416 303 1497 primum
318 1415 386 1476 illud
402 1424 558 1495 exceptum
574 1416 622 1488 sit,
637 1434 675 1477 ne
689 1416 756 1477 vitia
772 1417 832 1477 sint
846 1416 995 1489 imitanda,
1010 1415 1126 1487 deinde,
1143 1415 1168 1475 si
1182 1432 1236 1474 na-

168 1508 239 1579 tura
257 1516 319 1560 non
340 1501 424 1574 leret,
449 1508 483 1561 ut
503 1500 645 1579 quaedam
664 1501 772 1562 imitari
791 1500 902 1580 possit,
922 1508 956 1562 ut
975 1500 1138 1579 superioris
1159 1499 1235 1590 lilius

173 1584 315 1657 Africani,
331 1585 381 1663 qui
395 1585 475 1645 bunc
488 1584 589 1646 Paullo
605 1593 708 1648 natum
722 1585 882 1666 adoptavit,
900 1594 1024 1665 propter
1037 1584 1237 1646 infirmitatem

173 1669 347 1732 valetudinis
370 1686 433 1730 non
451 1676 512 1730 tam
531 1671 628 1748 potuit
646 1670 739 1750 patris
761 1670 864 1731 similis
884 1688 1059 1749 essequam
1078 1670 1124 1730 ille
1144 1671 1237 1729 luerat
1341 1670 1344 1675 ’

174 1754 235 1816 sui:
257 1754 282 1815 si
302 1754 391 1834 igitur
408 1772 470 1816 non
488 1753 599 1834 poterit
618 1755 678 1816 sive
698 1773 801 1816 causas
817 1754 993 1816 defensitare
1014 1754 1075 1814 sive
1093 1753 1237 1832 populum

173 1838 362 1901 contionibus
378 1846 478 1900 tenere
486 1840 554 1917 ‘sive
568 1839 641 1902 bella
656 1858 766 1919 gerere,
781 1839 828 1900 illa
844 1847 940 1900 tamen
952 1846 1101 1918 praestare
1113 1836 1237 1908 debebit,

174 1944 248 2005 quae
274 1932 360 1986 erunt
383 1923 423 1985 in'
437 1924 531 2004 ipsius
559 1932 719 2003 potestate,
745 1924 885 1986 iustitiam
915 1925 1003 1985 tidem
1030 1922 1238 1995 liberalitatem,

174 2009 351 2072 modestiam
370 2010 607 2089 temperantiam,
627 2029 685 2089 quo
706 2009 805 2090 miuus
825 2010 862 2071 ab
882 2029 917 2071 eo
931 2009 977 2084 id,
992 2009 1071 2089 quod
1087 2007 1175 2080 desit,
1189 2025 1238 2068 re·

174 2095 314 2175 quiratur.
348 2095 468 2174 Optima
492 2103 590 2157 autem
614 2096 764 2157 hereditas
790 2114 806 2155 a
830 2095 962 2174 patribus
988 2093 1114 2155 traditur
1138 2091 1238 2152 liberis

176 2179 313 2260 omnique
328 2179 506 2259 patrimonio
522 2178 719 2261 praestantior
733 2179 824 2259 gloria
839 2180 953 2241 virtutis
968 2196 1126 2258 rerumque
1141 2183 1237 2256 gesta·
1254 2240 1260 2251 ,

174 2283 251 2339 rrum,
266 2264 312 2325 oui
327 2264 462 2327 dedecori
476 2284 541 2326 esse
555 2267 637 2327 nefas
653 2272 682 2327 et
696 2264 822 2344 impium
836 2265 1026 2327 iudicandum
1040 2273 1094 2324 est.

258 2350 296 2410 Et
310 2350 450 2429 quoniam
466 2350 562 2411 officia
576 2368 639 2411 non
653 2351 755 2412 eadem
770 2350 937 2429 disparibus
949 2349 1091 2410 aetatibus
1102 2346 1238 2409 tribuun-
1256 2343 1299 2404 34

174 2442 222 2496 tur
241 2435 352 2514 aliaque
372 2443 442 2496 sunt
461 2434 615 2508 iuvenum,
636 2435 690 2496 alia
710 2435 876 2509 seniorum,
895 2433 1002 2513 aliquid
1022 2432 1109 2494 etiam
1129 2432 1165 2492 de
1184 2432 1240 2491 bae
1261 2435 1309 2486 122

175 2519 362 2581 distinetione
382 2519 538 2581 dicendum
558 2527 611 2580 est.
640 2519 695 2580 Est
713 2520 802 2598 igitur
816 2517 1012 2580 adulescentis
1027 2516 1240 2674 mamffsffim
1283 2598 1289 2639 Ι
1318 2586 1328 2635 l

1139 2622 1265 2675 &belidu-
1280 2626 1329 2663 tls

173 2685 683 2750 relterfestigkeitdesMensobengleicb-
769 2702 801 2736 eu
819 2688 912 2737 orturis
923 2686 1050 2750 Africani
1057 2683 1147 2751 filius:
1170 2683 1240 2734 Brut.
1270 2696 1340 2759 ρι’,

174 2754 458 2819 semalsdieniedere‚
479 2749 682 2821 irdiscbeNatur
736 2753 777 2817 19,
807 2753 995 2819 impuritano
1005 2754 1134 2804 minorem
1143 2750 1241 2820 Scipio-
1325 2734 1341 2781 3²

93 2851 102 2865 ι
173 2824 208 2874 im
223 2822 358 2886 Vergleicb
379 2837 427 2872 zur
442 2822 582 2885 glittlicben
597 2820 681 2873 Natur
733 2820 1080 2890 omnal’uulloadoptoedt,
1097 2823 1241 2888 decepere

172 2889 366 2942 desMenscben
379 2890 433 2940 dar.
611 2949 617 2955 ⁴
732 2886 1241 2957 ualtdreete'npn'miebaditueeesetdi-

208 2962 365 3011 constantia.-
376 2973 398 3008 s.
411 2956 437 3024 ξ.
452 2958 492 3008 14.
733 2962 829 3009 seruo.
852 2957 953 3008 llbenso
971 2957 1052 3008 beisst
1068 2971 1095 3006 es
1113 2956 1138 3005 in
1155 2956 1241 3006 sciner

209 3029 273 3078 bono
285 3027 398 3090 emoto,
413 3027 476 3077 nacb
487 3025 617 3076 reillicber
628 3025 679 3077 Ue·
735 3023 906 3076 Grabscbrilt:
921 3024 991 3087 Quae
1002 3027 1075 3091 apice
1084 3022 1242 3087 congnovi-

173 3094 320 3160 berlegung.
733 3092 906 3158 aliejlamiuis
918 3094 1036 3158 geeirtei,
1047 3089 1243 3157 Mampsaron

203 3164 302 3229 fect‘aee
311 3162 457 3226 ctdmmur,
474 3163 532 3212 desa
545 3161 586 3211 die
597 3160 679 3212 Leute
734 3165 780 3212 tua
790 3164 822 3211 ret
833 3164 920 3210 essent
931 3161 1018 3210 omnia
1028 3159 1128 3221 trata,
1147 3156 1240 3222 Honor,

175 3232 261 3295 seben,
273 3231 385 3282 dasswir
395 3244 486 3280 usw.
505 3229 680 3280 libensostebt
716 3230 809 3301 [sarno
819 3230 962 3294 tertiasque,
976 3226 1076 3294 glottis,
1094 3224 1191 3288 Quidue
1201 3228 1241 3276 sei

174 3298 258 3353 otdert
272 3296 296 3364 ξ.
309 3298 356 3348 136
374 3297 483 3364 diligere
498 3311 527 3348 ac
544 3299 628 3349 vernt
645 3300 680 3348 ot·
732 3300 760 3348 in
779 3297 858 3363 longa
877 3295 992 3347 ducaret
1015 3296 1063 3345 tibi
1084 3297 1153 3346 atter
1177 3296 1239 3361 etta,

174 3366 291 3418 aeonae.
732 3364 819 3417 Facile
829 3365 931 3429 faetere
954 3379 1106 3432 superasses
1123 3362 1240 3428 glottam

172 3468 177 3471 -
209 3432 314 3485 unere.
345 3432 390 3484 Die
412 3433 588 3499 interpolirten
604 3432 678 3484 lldas.
731 3436 867 3484 maiorum.

173 3501 255 3554 beben
267 3500 383 3552 dt‘eeum
393 3499 436 3550 l'rir
446 3500 549 3566 diluere,
563 3501 618 3551 cine
630 3499 680 3551 Re·
766 3503 792 3552 ri
803 3503 895 3567 igituir.
930 3499 1000 3552 Necb
1020 3500 1067 3550 der
1085 3498 1240 3549 Parentbese

174 3571 311 3622 minisceuz
323 3585 355 3620 an
367 3568 419 3620 Lae
431 3569 474 3620 .21
492 3567 525 3619 tu
539 3569 603 3620 tales
613 3570 680 3623 arui·
732 3570 797 3620 wird
809 3570 855 3620 der
867 3569 930 3618 oben
942 3567 1076 3630 allgemein
1087 3580 1240 3631 ausgespro-

174 3640 480 3691 euaseootrmeuoooe
538 3636 681 3689 soluendae
734 3638 811 3692 chene
828 3635 960 3702 Gedauke,
985 3635 1010 3684 in
1032 3633 1164 3685 einzelnen
1183 3633 1240 3682 Rei·

175 3713 211 3773 et,
232 3708 264 3758 eit
275 3705 397 3758 Catonem
412 3704 498 3757 dicere
509 3705 607 3773 audiat,
627 3705 681 3756 dis-
734 3706 830 3772 spielen
842 3703 1001 3754 wiederbolt.
1026 3702 1112 3754 Ueber
1122 3703 1206 3768 igitur
1218 3716 1240 3750 s.

174 3774 385 3841 eomdmmogu
401 3790 478 3840 quam
494 3773 679 3825 denudandae.
734 3771 921 3838 ι.ξ.105.-
941 3770 1004 3822 Wol
1021 3770 1067 3821 mit
1082 3769 1164 3820 llcobt
1179 3783 1239 3819 ver-

209 3843 269 3894 121.
287 3843 385 3894 einaim
418 3845 491 3894 oeee't.
517 3842 682 3908 AlsSubject
734 3841 831 3892 nuthet
844 3840 932 3903 Beier,
954 3839 1013 3888 dass
1030 3838 1081 3889 Cic.
1098 3837 1140 3888 bei
1156 3837 1241 3886 dieser

174 3913 266 3963 istane
278 3911 334 3961 dem
344 3859 456 3964 Verbum
473 3927 505 3963 zu
516 3905 682 3975 erginzen'ta
735 3924 832 3974 genuen
845 3906 925 3958 Stelle
946 3906 1034 3957 seiuen
1050 3907 1157 3968 eigenen
1173 3901 1242 3953 Sobn

176 3980 364 4047 potentialem
384 3994 405 4030 s.
418 3995 441 4032 u.
455 3978 512 4031 101.
734 3977 874 4028 besonders
885 3977 918 4026 im
930 3975 1001 4040 Auge
1013 3972 1105 4038 gebubt
1115 3971 1187 4022 habe.
