2772 4504
162 273 223 335 wa
592 265 792 319 mmm

161 433 194 488 ut
212 426 271 487 hoc
290 425 460 504 fugiendum
480 430 542 497 ast,
568 422 639 484 item
658 430 703 484 est
726 420 894 483 habendum
914 420 1047 501 religioni
1067 428 1224 483 nocentem

163 511 332 591 aliquando,
354 511 444 572 modo
460 527 498 571 ue
513 508 658 570 nefarium
677 508 872 588 impiumque,
892 507 1056 597 delenhje.
1086 506 1153 569 Vult
1166 507 1224 569 hoc

86 620 90 623 ·
147 596 323 687 {multituda
340 596 448 677 patitur
465 594 664 668 consuetudo,
680 596 736 655 lert
750 593 836 654 etiam
850 592 1027 655 humanitas.
1057 592 1163 655 Iudicis
1178 601 1224 655 est

143 701 278 762 gsemper
297 682 329 741 in
344 681 440 743 causis
460 699 561 743 verum
582 680 682 775 sergii,
704 679 821 760 patroni
841 696 1081 759 nonnumquam
1101 679 1162 740 veri
1182 679 1223 740 si-

139 790 144 839 l
159 767 242 841 mile,
257 767 343 828 etiam
359 767 385 829 si
400 767 500 839 minus
516 766 686 839 adrerum,
701 766 867 843 defendere:
884 765 963 844 quod
979 764 1122 838 scribere,
1136 783 1223 844 prae·

45 852 52 859 '
138 842 143 853 ⁴
160 852 262 914 sertim
281 871 349 914 cum
365 853 401 914 de
420 851 610 933 philosophia
630 851 790 913 scriberem
797 848 816 923 ζ’
826 868 887 911 non
903 849 1055 924 auderem,
1070 850 1129 911 nisi
1144 850 1222 912 idem

150 938 286 1018 ,placeret
300 938 477 1017 gravissimo
490 937 658 999 Stoicorum
669 935 817 998 Panaetio.
844 935 966 997 Maxima
981 943 1078 997 autem
1092 943 1121 997 et
1132 935 1223 1015 gloria

159 1023 272 1103 paritur
286 1030 315 1084 et
326 1025 417 1102 gratia
435 1022 654 1093 defensionibus
670 1040 764 1102 eoque
777 1021 880 1093 maior,
897 1021 1056 1101 siquando
1072 1021 1176 1083 accidit
1190 1029 1223 1083 ut

159 1109 187 1169 ei
202 1108 408 1181 subveniatur,
425 1109 475 1188 qui
490 1108 619 1188 potentis
636 1107 756 1169 alicuius
772 1106 879 1187 opibus
895 1106 1098 1168 circumveniri
1113 1124 1219 1186 urgue-

159 1194 244 1273 rique
261 1193 406 1268 videatur,
425 1204 459 1256 ut
478 1211 534 1255 nos
559 1200 587 1254 et
606 1212 694 1273 saepe
713 1192 782 1254 alias
803 1201 831 1253 et
850 1192 1049 1254 adidescentes
1069 1200 1173 1255 contra
1186 1193 1219 1254 L.

161 1279 255 1341 Sullae
270 1280 448 1342 dominantis
463 1299 536 1359 opes
551 1298 607 1359 pro
625 1279 691 1340 Sex.
707 1277 815 1340 Roscio
831 1278 969 1339 Amerino
985 1278 1121 1354 lecimus,
1138 1297 1219 1358 quae,

159 1372 192 1426 ut
207 1365 275 1440 sois,
290 1371 367 1427 extat
382 1365 485 1428 oratio.

101 1454 142 1515 15
245 1450 304 1512 Sed
319 1451 461 1531 expositis
476 1449 703 1512 adulescentium
716 1449 821 1510 olliciis
834 1467 907 1529 quaa
921 1447 1033 1511 valeant
1046 1450 1083 1511 ad
1099 1450 1219 1531 gloriam

106 1548 138 1598 52
161 1535 393 1616 adipiscendam,
414 1535 551 1617 deinceps
573 1536 609 1596 dc
627 1534 871 1597 beneficentia
891 1554 925 1597 ac
944 1535 980 1595 de
1000 1534 1219 1598 liberalitate

5 1630 20 1701 rs:
48 1637 58 1665 ι
160 1622 315 1683 dicendum
335 1631 394 1683 est:
415 1622 498 1683 cuius
518 1629 563 1682 est
583 1621 656 1683 ratio
679 1621 793 1700 duplex.
823 1621 899 1682 Nam
919 1627 969 1682 aut
988 1620 1221 1702 operabenigne

11 1682 74 1737 Μ
84 1666 144 1774 73¹
159 1708 193 1769 ιιι
205 1707 402 1786 indigentibus
418 1715 468 1770 aut
479 1707 610 1789 pecunia.
637 1706 761 1768 Facilior
776 1713 820 1767 est
831 1706 902 1768 haec
912 1707 1068 1785 posterior,
1082 1707 1220 1787 locupleti

158 1793 347 1873 praesertim,
368 1793 419 1854 sed
439 1792 487 1854 illa
507 1793 614 1854 lautior
628 1811 662 1852 ac
682 1791 862 1872 splendidior
882 1799 911 1852 et
925 1792 986 1853 viro
1002 1792 1070 1854 lorti
1085 1792 1219 1873 claroque
1263 1811 1266 1814 ’

161 1878 285 1957 dignior.
316 1880 500 1958 Quamquam
520 1877 599 1939 enirn
620 1877 791 1958 inutraque
810 1878 887 1938 inest
900 1878 1080 1956 gratificandi
1093 1877 1218 1939 liberalis

110 2012 112 2021 ,
158 1963 303 2038 voluutas,
318 1971 416 2026 tamen
432 1964 519 2024 altera
534 1982 568 2024 ex
584 1981 663 2036 arca,
681 1964 769 2025 altera
784 1981 819 2024 ex
833 1962 938 2023 virtute
953 1963 1144 2043 depromitur,
1160 1964 1218 2025 lar·

159 2047 302 2129 gitioque,
325 2068 398 2129 quae
418 2049 450 2109 fit
465 2067 500 2110 ex
515 2067 547 2110 re
563 2047 708 2123 familiari,
727 2050 838 2110 ionum
853 2048 951 2129 ipsum
965 2049 1153 2129 benignitatis
1168 2069 1218 2112 ax-

135 2134 139 2139 ’
159 2134 264 2195 haurit.
291 2133 333 2195 lta
344 2133 520 2213 benignitate
531 2134 696 2213 benignitas
708 2134 826 2208 tollitur,
842 2152 898 2213 qua
914 2153 972 2214 quo
987 2135 1018 2195 in
1033 2135 1132 2215 plures
1147 2155 1219 2198 usus

106 2228 139 2279 53
162 2218 213 2293 sia,
229 2238 264 2281 eo
280 2219 379 2281 miuus
394 2220 425 2280 in
439 2219 548 2281 multos
565 2219 607 2280 uti
622 2219 732 2300 possis.
762 2220 800 2280 ht
814 2220 863 2299 qui
879 2238 982 2299 opera,
998 2220 1027 2281 id
1042 2228 1101 2294 est,
1115 2221 1220 2283 virtute

157 2312 186 2366 et
196 2304 350 2379 industria,
364 2305 485 2367 benefici
497 2312 526 2366 et
535 2304 666 2367 liberales
679 2312 775 2379 erunt,
789 2305 919 2385 primum
932 2324 990 2385 quo
1001 2306 1134 2385 pluribus
1146 2325 1218 2386 pro-

158 2390 275 2465 luerint,
290 2410 325 2451 eo
341 2390 440 2470 plures
456 2391 492 2452 ad
507 2389 631 2469 benigne
643 2391 809 2452 laciendum
820 2390 966 2454 adiutores
978 2390 1134 2464 habebunt,
1149 2392 1216 2453 dein

157 2476 369 2539 consuetudine
381 2477 543 2556 paratiores
565 2485 652 2538 erunt
667 2484 694 2536 et
709 2484 859 2555 tamquam
871 2475 1084 2537 exercitatiores
1097 2476 1132 2537 ad
1144 2477 1218 2538 hene

159 2562 195 2623 de
209 2561 308 2624 rnulbs
324 2560 562 2642 promerenduin.
592 2561 742 2623 Praeclare
763 2561 794 2622 in
812 2560 935 2640 epistula
955 2562 1078 2641 quadam
1093 2550 1217 2624 Hexau-

190 2713 231 2764 st.
242 2713 376 2782 dapda‘loeo
393 2714 661 2765 boosdiasaibaSchai·
713 2715 789 2765 achan
805 2714 981 2767 Vcrhiiltuisso
1001 2714 1086 2766 Roma.
1115 2715 1158 2766 Sic
1174 2715 1217 2766 he-

156 2783 222 2863 dnng
241 2783 367 2832 zwischen
418 2783 486 2832 carie
502 2783 552 2833 und
569 2782 659 2833 Praxis
713 2783 781 2834 stelit
796 2784 926 2833 cntwadar
941 2784 966 2833 in
984 2783 1102 2834 Thatae
1121 2786 1182 2836 oder
1193 2784 1217 2834 in

155 2848 287 2970 wizam
287 2917 316 2969 L
326 2916 412 2970 Saliae
422 2919 579 2971 domandis
590 2935 659 2988 opas.
713 2850 981 2983 ξιιεςιξιιιιιιιιιιιι
988 2851 1034 2969 dle5r
1040 2852 1218 2984 ιιιιιιιιιιιιιιςι0

156 2986 209 3038 Dar
219 2986 327 3038 Procass
344 2988 431 3038 worda
444 2987 495 3038 674
507 2986 559 3051 (80)
571 2989 604 3038 im
617 2988 658 3038 27.
713 2988 766 3038 lreit
777 2985 946 3037 vorzuziehen
960 2988 1005 3037 sei.
1024 2987 1070 3037 Die
1080 2989 1158 3038 durch
1168 2987 1218 3039 Ga·

155 3055 326 3120 Labansjahra
344 3055 394 3107 Cic.
411 3057 521 3121 gesdhrt.
545 3055 659 3107 insolata
713 3054 821 3106 schania
841 3053 1030 3119 Wohltbiitigan
1049 3056 1104 3105 sind
1121 3063 1218 3107 antwe-

156 3123 346 3205 Chrysogonus,
376 3126 423 3175 dcr
446 3124 582 3189 Giinstling
609 3125 659 3176 und
713 3125 759 3175 der
773 3122 1020 3174 verschwcndarisch
1042 3124 1178 3191 (prodigi)
1195 3142 1217 3175 c.

155 3190 332 3255 Frergelaasue
348 3194 393 3243 des
409 3193 492 3255 Sulla,
512 3193 558 3243 mit
573 3194 659 3243 darain
715 3192 753 3243 16.
768 3192 808 3255 17,
826 3192 888 3242 odar
898 3190 1023 3256 lreigahig
1034 3192 1182 3255 (bbwoias)
1194 3210 1217 3242 c.

153 3259 303 3311 varwiclrelt
324 3276 390 3323 war,
414 3262 583 3325 verthcidigte
606 3261 658 3311 Cic.
715 3260 754 3311 18.
776 3259 965 3310 DiainThaten
979 3260 1031 3310 sich
1044 3260 1217 3325 lxnudgahan-

154 3327 260 3379 Roscius
272 3343 351 3392 gagen
364 3329 448 3380 Sullas
460 3328 633 3380 Uehcrmncht.
713 3330 744 3380 dc
754 3328 969 3392 Wohlth'atiglxeit
979 3329 1071 3380 richtet
1081 3329 1133 3380 sich
1143 3329 1218 3387 theiis

190 3387 241 3448 15.
260 3395 301 3447 52.
320 3396 530 3464 dabaraaficerrb'ac
549 3398 661 3449 Vondar
712 3412 792 3462 gagen
809 3396 932 3447 Einzelnc
950 3413 972 3448 c.
992 3398 1023 3448 19
1039 3416 1063 3448 u
1079 3396 1124 3462 20,
1143 3399 1217 3448 theiis

155 3465 367 3529 Woblthitiglxeit
376 3465 410 3516 ist
418 3465 435 3529 l,
448 3465 486 3530 14,
497 3466 529 3516 42
539 3466 557 3517 f.
567 3466 605 3516 ala
615 3467 661 3517 der
713 3481 794 3530 gagen
807 3466 854 3516 den
868 3464 940 3516 Staat
952 3482 974 3515 c.
986 3465 1016 3516 21
1031 3466 1057 3516 ff.

155 3533 380 3605 [luterubthailung
392 3535 437 3585 der
446 3534 555 3613 zucitan
564 3534 660 3614 llaupt·
747 3557 880 3627 deinceps,
893 3573 913 3608 s·
926 3557 950 3624 g·
966 3557 997 3608 15
1010 3558 1106 3610 demde·

77 3694 80 3702 ·
155 3603 660 3736 ιιιιιηιιιιεὲῗιιοιιιιὲιιιιιιιιιιέιιέιιιιθ
747 3649 981 3717 managnandei.
998 3650 1096 3701 himine
1112 3636 1217 3714 midde

154 3718 1135 3804 mmfflmmwwhmwmwfflo

154 3806 204 3855 lich
212 3807 265 3855 Ιιιιιι
276 3804 413 3858 Riicksicht
424 3807 470 3859 aui
479 3808 526 3858 den
539 3809 600 3858 uach
612 3807 660 3857 den
748 3809 789 3860 53.
803 3808 975 3862 Praeclaram
984 3811 1101 3877 apishria.
1117 3811 1217 3862 Diallr-

155 3873 276 3923 hiicliatao
298 3873 487 3926 Staatswiirdan
509 3875 659 3925 atrebendau
714 3879 823 3942 ziihlung
832 3879 905 3930 laitat
915 3878 963 3928 den
973 3878 1065 3929 dritten
1072 3878 1158 3931 Gruod
1168 3878 1217 3943 cin,

154 3938 245 3990 Rdurer
256 3942 305 3990 und
317 3941 362 3991 ool
373 3943 413 3993 die
427 3943 564 4007 demoligen
574 3942 660 4008 politi·
713 3946 824 3997 weahalh
837 3946 877 3997 dia
889 3947 914 3996 in
924 3945 1021 3997 Thatae
1034 3948 1087 4000 sich
1096 3947 1163 3998 hund
1172 3962 1218 4012 ge·
