<?xml version="1.0" encoding="UTF-8"?>
<!DOCTYPE html PUBLIC "-//W3C//DTD XHTML 1.0 Transitional//EN"
    "http://www.w3.org/TR/xhtml1/DTD/xhtml1-transitional.dtd">
<html xmlns="http://www.w3.org/1999/xhtml" xml:lang="en" lang="en">
 <head>
  <title>
</title>
<meta http-equiv="Content-Type" content="text/html;charset=utf-8" />
  <meta name='ocr-system' content='tesseract 3.04.00' />
  <meta name='ocr-capabilities' content='ocr_page ocr_carea ocr_par ocr_line ocrx_word'/>
</head>
<body>
  <div class='ocr_page' id='page_1' title='image "./deofficiisadmar01heingoog_0055.png"; bbox 0 0 2776 4502; ppageno 0'>
   <div class='ocr_carea' id='block_1_1' title="bbox 157 340 791 408">
    <p class='ocr_par' dir='ltr' id='par_1_1' title="bbox 157 340 791 408">
     <span class='ocr_line' id='line_1_1' title="bbox 157 340 791 408; baseline -0.005 -15"><span class='ocrx_word' id='word_1_1' title='bbox 157 348 198 408; x_wconf 83' lang='lat'><strong>50</strong></span> <span class='ocrx_word' id='word_1_2' title='bbox 559 358 567 379; x_wconf 58' lang='grc' dir='ltr'><strong>ι</strong></span> <span class='ocrx_word' id='word_1_3' title='bbox 590 341 634 391; x_wconf 86' lang='lat' dir='ltr'><strong>on</strong></span> <span class='ocrx_word' id='word_1_4' title='bbox 652 340 791 393; x_wconf 86' lang='lat' dir='ltr'><strong>orrrcns</strong></span> 
     </span>
    </p>
   </div>
   <div class='ocr_carea' id='block_1_2' title="bbox 8 493 1380 2625">
    <p class='ocr_par' dir='ltr' id='par_1_2' title="bbox 105 493 1380 1084">
     <span class='ocr_line' id='line_1_2' title="bbox 105 493 1223 574; baseline -0.008 -11"><span class='ocrx_word' id='word_1_5' title='bbox 105 514 136 564; x_wconf 80' lang='lat'><strong>41</strong></span> <span class='ocrx_word' id='word_1_6' title='bbox 156 497 266 559; x_wconf 83' lang='lat' dir='ltr'><strong>bellum</strong></span> <span class='ocrx_word' id='word_1_7' title='bbox 283 497 361 559; x_wconf 85' lang='lat' dir='ltr'><strong>ultro</strong></span> <span class='ocrx_word' id='word_1_8' title='bbox 380 494 533 557; x_wconf 83' lang='lat' dir='ltr'><strong>inferentis</strong></span> <span class='ocrx_word' id='word_1_9' title='bbox 558 495 710 556; x_wconf 84' lang='lat' dir='ltr'><strong>interitum</strong></span> <span class='ocrx_word' id='word_1_10' title='bbox 728 514 796 557; x_wconf 89' lang='lat' dir='ltr'><strong>cum</strong></span> <span class='ocrx_word' id='word_1_11' title='bbox 821 495 929 557; x_wconf 87' lang='lat' dir='ltr'><strong>scelere</strong></span> <span class='ocrx_word' id='word_1_12' title='bbox 947 493 1144 574; x_wconf 83' lang='lat' dir='ltr'><strong>approbavit]</strong></span> <span class='ocrx_word' id='word_1_13' title='bbox 1180 493 1223 554; x_wconf 76' lang='lat' dir='ltr'><strong>Ac</strong></span> 
     </span>
     <span class='ocr_line' id='line_1_3' title="bbox 157 579 1281 661; baseline -0.007 -17"><span class='ocrx_word' id='word_1_14' title='bbox 157 583 193 644; x_wconf 91' lang='lat' dir='ltr'><strong>de</strong></span> <span class='ocrx_word' id='word_1_15' title='bbox 206 582 315 643; x_wconf 81' lang='lat' dir='ltr'>bellicis</span> <span class='ocrx_word' id='word_1_16' title='bbox 331 581 449 661; x_wconf 90' lang='lat' dir='ltr'><strong>quidem</strong></span> <span class='ocrx_word' id='word_1_17' title='bbox 465 579 569 642; x_wconf 87' lang='lat' dir='ltr'><strong>officiis</strong></span> <span class='ocrx_word' id='word_1_18' title='bbox 590 581 661 641; x_wconf 89' lang='lat' dir='ltr'><strong>satis</strong></span> <span class='ocrx_word' id='word_1_19' title='bbox 677 580 788 642; x_wconf 90' lang='lat' dir='ltr'><strong>dictum</strong></span> <span class='ocrx_word' id='word_1_20' title='bbox 807 589 861 641; x_wconf 90' lang='lat' dir='ltr'><strong>est.</strong></span> <span class='ocrx_word' id='word_1_21' title='bbox 889 579 1108 641; x_wconf 83' lang='lat' dir='ltr'><strong>Meminerimus</strong></span> <span class='ocrx_word' id='word_1_22' title='bbox 1124 586 1222 640; x_wconf 82' lang='lat' dir='ltr'><strong>autern</strong></span> <span class='ocrx_word' id='word_1_23' title='bbox 1234 609 1281 642; x_wconf 54' lang='grc' dir='ltr'><strong>ψ,</strong></span> 
     </span>
     <span class='ocr_line' id='line_1_4' title="bbox 156 664 1223 729; baseline -0.004 -1"><span class='ocrx_word' id='word_1_24' title='bbox 156 667 244 728; x_wconf 89' lang='lat' dir='ltr'><strong>etiam</strong></span> <span class='ocrx_word' id='word_1_25' title='bbox 270 667 409 729; x_wconf 89' lang='lat' dir='ltr'><strong>adversus</strong></span> <span class='ocrx_word' id='word_1_26' title='bbox 434 665 553 726; x_wconf 88' lang='lat' dir='ltr'><strong>infimos</strong></span> <span class='ocrx_word' id='word_1_27' title='bbox 574 664 714 727; x_wconf 89' lang='lat' dir='ltr'><strong>iustitiam</strong></span> <span class='ocrx_word' id='word_1_28' title='bbox 738 685 804 726; x_wconf 90' lang='lat' dir='ltr'><strong>esse</strong></span> <span class='ocrx_word' id='word_1_29' title='bbox 824 665 1006 726; x_wconf 88' lang='lat' dir='ltr'><strong>servandam.</strong></span> <span class='ocrx_word' id='word_1_30' title='bbox 1045 665 1101 725; x_wconf 88' lang='lat' dir='ltr'><strong>Est</strong></span> <span class='ocrx_word' id='word_1_31' title='bbox 1124 672 1223 725; x_wconf 86' lang='lat' dir='ltr'><strong>autem</strong></span> 
     </span>
     <span class='ocr_line' id='line_1_5' title="bbox 156 748 1380 830; baseline -0.003 -17"><span class='ocrx_word' id='word_1_32' title='bbox 156 752 257 813; x_wconf 86' lang='lat' dir='ltr'><strong>infima</strong></span> <span class='ocrx_word' id='word_1_33' title='bbox 268 750 402 813; x_wconf 89' lang='lat' dir='ltr'><strong>condicio</strong></span> <span class='ocrx_word' id='word_1_34' title='bbox 415 758 443 811; x_wconf 89' lang='lat' dir='ltr'><strong>et</strong></span> <span class='ocrx_word' id='word_1_35' title='bbox 454 752 572 811; x_wconf 81' lang='lat' dir='ltr'><strong>fortuna</strong></span> <span class='ocrx_word' id='word_1_36' title='bbox 584 768 747 823; x_wconf 87' lang='lat' dir='ltr'><strong>servorum,</strong></span> <span class='ocrx_word' id='word_1_37' title='bbox 763 749 868 830; x_wconf 89' lang='lat' dir='ltr'><strong>quibus</strong></span> <span class='ocrx_word' id='word_1_38' title='bbox 878 768 942 811; x_wconf 91' lang='lat' dir='ltr'><strong>non</strong></span> <span class='ocrx_word' id='word_1_39' title='bbox 953 750 1029 810; x_wconf 88' lang='lat' dir='ltr'><strong>male</strong></span> <span class='ocrx_word' id='word_1_40' title='bbox 1039 748 1223 828; x_wconf 89' lang='lat' dir='ltr'><strong>praecipiunt</strong></span> <span class='ocrx_word' id='word_1_41' title='bbox 1284 772 1288 775; x_wconf 94' lang='lat'>·</span> <span class='ocrx_word' id='word_1_42' title='bbox 1379 782 1380 797; x_wconf 49' lang='grc' dir='ltr'><strong>ι</strong></span> 
     </span>
     <span class='ocr_line' id='line_1_6' title="bbox 156 833 1222 917; baseline -0.003 -20"><span class='ocrx_word' id='word_1_43' title='bbox 156 837 206 917; x_wconf 90' lang='lat' dir='ltr'><strong>qui</strong></span> <span class='ocrx_word' id='word_1_44' title='bbox 220 836 259 897; x_wconf 93' lang='lat' dir='ltr'><strong>ita</strong></span> <span class='ocrx_word' id='word_1_45' title='bbox 272 836 373 902; x_wconf 88' lang='lat' dir='ltr'><strong>iubent</strong></span> <span class='ocrx_word' id='word_1_46' title='bbox 386 835 429 896; x_wconf 89' lang='lat' dir='ltr'><strong>nti</strong></span> <span class='ocrx_word' id='word_1_47' title='bbox 444 843 475 897; x_wconf 90' lang='lat' dir='ltr'><strong>nt</strong></span> <span class='ocrx_word' id='word_1_48' title='bbox 489 834 689 915; x_wconf 64' lang='lat' dir='ltr'><strong>mercenariis:</strong></span> <span class='ocrx_word' id='word_1_49' title='bbox 711 854 832 915; x_wconf 83' lang='lat' dir='ltr'><strong>operam</strong></span> <span class='ocrx_word' id='word_1_50' title='bbox 847 833 1030 914; x_wconf 81' lang='lat' dir='ltr'><strong>erigendam,</strong></span> <span class='ocrx_word' id='word_1_51' title='bbox 1046 833 1122 895; x_wconf 87' lang='lat' dir='ltr'><strong>iusta</strong></span> <span class='ocrx_word' id='word_1_52' title='bbox 1136 851 1222 912; x_wconf 88' lang='lat' dir='ltr'><strong>prae-</strong></span> 
     </span>
     <span class='ocr_line' id='line_1_7' title="bbox 155 916 1223 995; baseline -0.005 -12"><span class='ocrx_word' id='word_1_53' title='bbox 155 922 260 983; x_wconf 87' lang='lat' dir='ltr'><strong>benda.</strong></span> <span class='ocrx_word' id='word_1_54' title='bbox 296 920 370 982; x_wconf 83' lang='lat' dir='ltr'><strong>Cum</strong></span> <span class='ocrx_word' id='word_1_55' title='bbox 385 928 484 981; x_wconf 85' lang='lat' dir='ltr'><strong>antem</strong></span> <span class='ocrx_word' id='word_1_56' title='bbox 500 921 615 982; x_wconf 89' lang='lat' dir='ltr'><strong>duobus</strong></span> <span class='ocrx_word' id='word_1_57' title='bbox 628 920 742 994; x_wconf 93' lang='lat' dir='ltr'><strong>modis,</strong></span> <span class='ocrx_word' id='word_1_58' title='bbox 762 921 793 982; x_wconf 93' lang='lat' dir='ltr'><strong>id</strong></span> <span class='ocrx_word' id='word_1_59' title='bbox 807 928 866 995; x_wconf 88' lang='lat' dir='ltr'><strong>est,</strong></span> <span class='ocrx_word' id='word_1_60' title='bbox 887 929 937 981; x_wconf 93' lang='lat' dir='ltr'><strong>aut</strong></span> <span class='ocrx_word' id='word_1_61' title='bbox 952 919 979 979; x_wconf 90' lang='lat' dir='ltr'><strong>vi</strong></span> <span class='ocrx_word' id='word_1_62' title='bbox 994 927 1044 980; x_wconf 92' lang='lat' dir='ltr'><strong>aut</strong></span> <span class='ocrx_word' id='word_1_63' title='bbox 1058 916 1159 980; x_wconf 87' lang='lat' dir='ltr'><strong>fraude</strong></span> <span class='ocrx_word' id='word_1_64' title='bbox 1173 918 1223 978; x_wconf 88' lang='lat' dir='ltr'><strong>liat</strong></span> 
     </span>
     <span class='ocr_line' id='line_1_8' title="bbox 155 1003 1221 1084; baseline -0.004 -18"><span class='ocrx_word' id='word_1_65' title='bbox 155 1006 274 1080; x_wconf 90' lang='lat' dir='ltr'><strong>iniuria,</strong></span> <span class='ocrx_word' id='word_1_66' title='bbox 290 1007 369 1067; x_wconf 84' lang='lat' dir='ltr'><strong>lraus</strong></span> <span class='ocrx_word' id='word_1_67' title='bbox 384 1004 469 1084; x_wconf 80' lang='lat' dir='ltr'>quasi</span> <span class='ocrx_word' id='word_1_68' title='bbox 484 1006 663 1084; x_wconf 82' lang='lat' dir='ltr'><strong>vulpeculae,</strong></span> <span class='ocrx_word' id='word_1_69' title='bbox 678 1005 721 1065; x_wconf 83' lang='lat' dir='ltr'><strong>vis</strong></span> <span class='ocrx_word' id='word_1_70' title='bbox 734 1006 829 1067; x_wconf 89' lang='lat' dir='ltr'><strong>leonis</strong></span> <span class='ocrx_word' id='word_1_71' title='bbox 845 1005 972 1066; x_wconf 86' lang='lat' dir='ltr'><strong>videtur:</strong></span> <span class='ocrx_word' id='word_1_72' title='bbox 991 1012 1149 1083; x_wconf 86' lang='lat' dir='ltr'><strong>utrumque</strong></span> <span class='ocrx_word' id='word_1_73' title='bbox 1164 1003 1221 1064; x_wconf 91' lang='lat' dir='ltr'><strong>ho-</strong></span> 
     </span>
    </p>

    <p class='ocr_par' dir='ltr' id='par_1_3' title="bbox 71 1089 1222 1406">
     <span class='ocr_line' id='line_1_9' title="bbox 71 1089 1222 1170; baseline -0.005 -17"><span class='ocrx_word' id='word_1_74' title='bbox 71 1113 81 1127; x_wconf 88' lang='lat'><strong>·</strong></span> <span class='ocrx_word' id='word_1_75' title='bbox 155 1091 235 1152; x_wconf 89' lang='lat' dir='ltr'><strong>mine</strong></span> <span class='ocrx_word' id='word_1_76' title='bbox 249 1090 475 1163; x_wconf 88' lang='lat' dir='ltr'><strong>alienissimum,</strong></span> <span class='ocrx_word' id='word_1_77' title='bbox 497 1091 550 1151; x_wconf 90' lang='lat' dir='ltr'><strong>sed</strong></span> <span class='ocrx_word' id='word_1_78' title='bbox 565 1092 644 1152; x_wconf 86' lang='lat' dir='ltr'><strong>fraus</strong></span> <span class='ocrx_word' id='word_1_79' title='bbox 661 1091 729 1162; x_wconf 88' lang='lat' dir='ltr'><strong>odio</strong></span> <span class='ocrx_word' id='word_1_80' title='bbox 751 1090 838 1170; x_wconf 82' lang='lat' dir='ltr'><strong>digna</strong></span> <span class='ocrx_word' id='word_1_81' title='bbox 852 1090 974 1151; x_wconf 90' lang='lat' dir='ltr'><strong>maiore.</strong></span> <span class='ocrx_word' id='word_1_82' title='bbox 1004 1089 1108 1149; x_wconf 87' lang='lat' dir='ltr'><strong>Totius</strong></span> <span class='ocrx_word' id='word_1_83' title='bbox 1123 1098 1222 1148; x_wconf 88' lang='lat' dir='ltr'><strong>autem</strong></span> 
     </span>
     <span class='ocr_line' id='line_1_10' title="bbox 154 1172 1222 1255; baseline -0.004 -19"><span class='ocrx_word' id='word_1_84' title='bbox 154 1176 314 1237; x_wconf 90' lang='lat' dir='ltr'><strong>iniustitiae</strong></span> <span class='ocrx_word' id='word_1_85' title='bbox 329 1176 407 1237; x_wconf 88' lang='lat' dir='ltr'><strong>nulla</strong></span> <span class='ocrx_word' id='word_1_86' title='bbox 427 1174 577 1254; x_wconf 83' lang='lat' dir='ltr'>capitalior</span> <span class='ocrx_word' id='word_1_87' title='bbox 597 1194 685 1253; x_wconf 89' lang='lat' dir='ltr'><strong>quam</strong></span> <span class='ocrx_word' id='word_1_88' title='bbox 700 1194 819 1248; x_wconf 88' lang='lat' dir='ltr'><strong>eorum,</strong></span> <span class='ocrx_word' id='word_1_89' title='bbox 840 1176 889 1255; x_wconf 90' lang='lat' dir='ltr'><strong>qni</strong></span> <span class='ocrx_word' id='word_1_90' title='bbox 909 1183 987 1246; x_wconf 90' lang='lat' dir='ltr'><strong>tum,</strong></span> <span class='ocrx_word' id='word_1_91' title='bbox 1009 1193 1076 1234; x_wconf 90' lang='lat' dir='ltr'><strong>cum</strong></span> <span class='ocrx_word' id='word_1_92' title='bbox 1096 1172 1222 1233; x_wconf 80' lang='lat' dir='ltr'><strong>maxime</strong></span> 
     </span>
     <span class='ocr_line' id='line_1_11' title="bbox 155 1256 1220 1345; baseline -0.003 -24"><span class='ocrx_word' id='word_1_93' title='bbox 155 1261 265 1333; x_wconf 86' lang='lat' dir='ltr'><strong>lallunt,</strong></span> <span class='ocrx_word' id='word_1_94' title='bbox 279 1259 414 1345; x_wconf 68' lang='lat' dir='ltr'><strong>idagunt</strong></span> <span class='ocrx_word' id='word_1_95' title='bbox 429 1267 462 1321; x_wconf 91' lang='lat' dir='ltr'><strong>ut</strong></span> <span class='ocrx_word' id='word_1_96' title='bbox 476 1259 529 1321; x_wconf 91' lang='lat' dir='ltr'><strong>viri</strong></span> <span class='ocrx_word' id='word_1_97' title='bbox 544 1259 615 1320; x_wconf 90' lang='lat' dir='ltr'><strong>boni</strong></span> <span class='ocrx_word' id='word_1_98' title='bbox 631 1278 696 1320; x_wconf 89' lang='lat' dir='ltr'><strong>esse</strong></span> <span class='ocrx_word' id='word_1_99' title='bbox 710 1261 872 1322; x_wconf 89' lang='lat' dir='ltr'><strong>videantur.</strong></span> <span class='ocrx_word' id='word_1_100' title='bbox 899 1260 941 1319; x_wconf 84' lang='lat' dir='ltr'><strong>lle</strong></span> <span class='ocrx_word' id='word_1_101' title='bbox 951 1258 1062 1320; x_wconf 89' lang='lat' dir='ltr'><strong>iustitia</strong></span> <span class='ocrx_word' id='word_1_102' title='bbox 1073 1258 1145 1318; x_wconf 88' lang='lat' dir='ltr'><strong>satis</strong></span> <span class='ocrx_word' id='word_1_103' title='bbox 1157 1256 1220 1318; x_wconf 86' lang='lat' dir='ltr'><strong>dic-</strong></span> 
     </span>
     <span class='ocr_line' id='line_1_12' title="bbox 155 1346 354 1406; baseline -0.005 0"><span class='ocrx_word' id='word_1_104' title='bbox 155 1353 219 1406; x_wconf 85' lang='lat' dir='ltr'><strong>tunr</strong></span> <span class='ocrx_word' id='word_1_105' title='bbox 234 1353 289 1406; x_wconf 87' lang='lat' dir='ltr'><strong>est.</strong></span> <span class='ocrx_word' id='word_1_106' title='bbox 333 1346 354 1359; x_wconf 54' lang='lat'><strong>”²</strong></span> 
     </span>
    </p>

    <p class='ocr_par' dir='ltr' id='par_1_4' title="bbox 98 1426 1222 1508">
     <span class='ocr_line' id='line_1_13' title="bbox 98 1426 1222 1508; baseline -0.004 -17"><span class='ocrx_word' id='word_1_107' title='bbox 98 1430 139 1491; x_wconf 80' lang='lat'><strong>14</strong></span> <span class='ocrx_word' id='word_1_108' title='bbox 242 1430 393 1508; x_wconf 82' lang='lat' dir='ltr'><strong>Deinceps,</strong></span> <span class='ocrx_word' id='word_1_109' title='bbox 413 1439 446 1491; x_wconf 91' lang='lat' dir='ltr'><strong>ut</strong></span> <span class='ocrx_word' id='word_1_110' title='bbox 460 1437 521 1490; x_wconf 89' lang='lat' dir='ltr'><strong>erat</strong></span> <span class='ocrx_word' id='word_1_111' title='bbox 534 1427 733 1508; x_wconf 89' lang='lat' dir='ltr'><strong>propositum,</strong></span> <span class='ocrx_word' id='word_1_112' title='bbox 753 1430 789 1490; x_wconf 94' lang='lat' dir='ltr'><strong>de</strong></span> <span class='ocrx_word' id='word_1_113' title='bbox 808 1428 1048 1490; x_wconf 79' lang='lat' dir='ltr'><strong>beneficentia</strong></span> <span class='ocrx_word' id='word_1_114' title='bbox 1069 1447 1107 1489; x_wconf 95' lang='lat' dir='ltr'><strong>ac</strong></span> <span class='ocrx_word' id='word_1_115' title='bbox 1122 1427 1163 1488; x_wconf 93' lang='lat' dir='ltr'><strong>de</strong></span> <span class='ocrx_word' id='word_1_116' title='bbox 1176 1426 1222 1488; x_wconf 92' lang='lat' dir='ltr'><strong>li-</strong></span> 
     </span>
    </p>

    <p class='ocr_par' dir='ltr' id='par_1_5' title="bbox 105 1513 1221 1593">
     <span class='ocr_line' id='line_1_14' title="bbox 105 1513 1221 1593; baseline 0.001 -21"><span class='ocrx_word' id='word_1_117' title='bbox 105 1521 137 1572; x_wconf 84' lang='lat'><strong>42</strong></span> <span class='ocrx_word' id='word_1_118' title='bbox 154 1514 348 1577; x_wconf 84' lang='lat' dir='ltr'><strong>beralitate</strong></span> <span class='ocrx_word' id='word_1_119' title='bbox 363 1514 483 1587; x_wconf 89' lang='lat' dir='ltr'><strong>dicatur,</strong></span> <span class='ocrx_word' id='word_1_120' title='bbox 493 1533 553 1592; x_wconf 68' lang='lat' dir='ltr'><strong>¹&lt;rua</strong></span> <span class='ocrx_word' id='word_1_121' title='bbox 565 1513 683 1593; x_wconf 90' lang='lat' dir='ltr'><strong>quidem</strong></span> <span class='ocrx_word' id='word_1_122' title='bbox 693 1513 766 1576; x_wconf 93' lang='lat' dir='ltr'>nihil</span> <span class='ocrx_word' id='word_1_123' title='bbox 776 1524 822 1575; x_wconf 92' lang='lat' dir='ltr'><strong>est</strong></span> <span class='ocrx_word' id='word_1_124' title='bbox 832 1522 954 1576; x_wconf 89' lang='lat' dir='ltr'><strong>naturae</strong></span> <span class='ocrx_word' id='word_1_125' title='bbox 962 1514 1092 1574; x_wconf 90' lang='lat' dir='ltr'><strong>hominis</strong></span> <span class='ocrx_word' id='word_1_126' title='bbox 1104 1531 1221 1574; x_wconf 88' lang='lat' dir='ltr'><strong>accom-</strong></span> 
     </span>
    </p>

    <p class='ocr_par' dir='ltr' id='par_1_6' title="bbox 8 1590 1261 1851">
     <span class='ocr_line' id='line_1_15' title="bbox 8 1590 1220 1676; baseline -0.012 -4"><span class='ocrx_word' id='word_1_127' title='bbox 8 1590 105 1671; x_wconf 62' lang='grc' dir='ltr'><strong>ΜΡ(</strong></span> <span class='ocrx_word' id='word_1_128' title='bbox 154 1599 317 1672; x_wconf 84' lang='lat' dir='ltr'><strong>modalius,</strong></span> <span class='ocrx_word' id='word_1_129' title='bbox 333 1599 385 1659; x_wconf 89' lang='lat' dir='ltr'><strong>sed</strong></span> <span class='ocrx_word' id='word_1_130' title='bbox 399 1598 487 1659; x_wconf 87' lang='lat' dir='ltr'><strong>habet</strong></span> <span class='ocrx_word' id='word_1_131' title='bbox 500 1598 607 1659; x_wconf 87' lang='lat' dir='ltr'><strong>multas</strong></span> <span class='ocrx_word' id='word_1_132' title='bbox 623 1598 782 1660; x_wconf 80' lang='lat' dir='ltr'><strong>cautiones.</strong></span> <span class='ocrx_word' id='word_1_133' title='bbox 810 1598 975 1661; x_wconf 86' lang='lat' dir='ltr'><strong>Videndum</strong></span> <span class='ocrx_word' id='word_1_134' title='bbox 991 1606 1037 1660; x_wconf 92' lang='lat' dir='ltr'><strong>est</strong></span> <span class='ocrx_word' id='word_1_135' title='bbox 1051 1598 1142 1672; x_wconf 91' lang='lat' dir='ltr'><strong>enim,</strong></span> <span class='ocrx_word' id='word_1_136' title='bbox 1157 1596 1220 1676; x_wconf 91' lang='lat' dir='ltr'><strong>pri·</strong></span> 
     </span>
     <span class='ocr_line' id='line_1_16' title="bbox 52 1681 1261 1851; baseline -0.005 -19.169"><span class='ocrx_word' id='word_1_137' title='bbox 17 1721 132 1851; x_wconf 69' lang='lat' dir='ltr'><strong>co</strong></span> <span class='ocrx_word' id='word_1_138' title='bbox 155 1681 1261 1832; x_wconf 59' lang='lat' dir='ltr'><strong>recrearetracturaebolicarnea‘</strong></span> 
     </span>
    </p>

    <p class='ocr_par' dir='ltr' id='par_1_7' title="bbox 20 1787 1220 1935">
     <span class='ocr_line' id='line_1_17' title="bbox 20 1787 1220 1935; baseline -0.003 -20"><span class='ocrx_word' id='word_1_139' title='bbox 20 1865 61 1926; x_wconf 60' lang='lat' dir='ltr'><strong>f—</strong></span> <span class='ocrx_word' id='word_1_140' title='bbox 73 1841 117 1922; x_wconf 67' lang='lat' dir='ltr'><strong>id</strong></span> <span class='ocrx_word' id='word_1_141' title='bbox 156 1874 213 1935; x_wconf 92' lang='lat' dir='ltr'><strong>pro</strong></span> <span class='ocrx_word' id='word_1_142' title='bbox 226 1816 362 1932; x_wconf 72' lang='lat' dir='ltr'><strong>dignitate</strong></span> <span class='ocrx_word' id='word_1_143' title='bbox 373 1853 476 1932; x_wconf 88' lang='lat' dir='ltr'><strong>cuique</strong></span> <span class='ocrx_word' id='word_1_144' title='bbox 486 1853 640 1914; x_wconf 89' lang='lat' dir='ltr'><strong>tribuatur.</strong></span> <span class='ocrx_word' id='word_1_145' title='bbox 660 1787 692 1914; x_wconf 77' lang='lat' dir='ltr'><strong>ld</strong></span> <span class='ocrx_word' id='word_1_146' title='bbox 704 1853 783 1915; x_wconf 90' lang='lat' dir='ltr'><strong>enim</strong></span> <span class='ocrx_word' id='word_1_147' title='bbox 794 1788 976 1915; x_wconf 61' lang='lat' dir='ltr'><strong>esddrstitiae</strong></span> <span class='ocrx_word' id='word_1_148' title='bbox 987 1815 1220 1924; x_wconf 74' lang='lat' dir='ltr'><strong>fundamentum,</strong></span> 
     </span>
    </p>

    <p class='ocr_par' dir='ltr' id='par_1_8' title="bbox 157 1937 1222 2018">
     <span class='ocr_line' id='line_1_18' title="bbox 157 1937 1222 2018; baseline -0.005 -17"><span class='ocrx_word' id='word_1_149' title='bbox 157 1940 194 2001; x_wconf 94' lang='lat' dir='ltr'><strong>ad</strong></span> <span class='ocrx_word' id='word_1_150' title='bbox 214 1957 302 2018; x_wconf 89' lang='lat' dir='ltr'><strong>quam</strong></span> <span class='ocrx_word' id='word_1_151' title='bbox 316 1939 391 1998; x_wconf 90' lang='lat' dir='ltr'><strong>haec</strong></span> <span class='ocrx_word' id='word_1_152' title='bbox 409 1938 563 1999; x_wconf 83' lang='lat' dir='ltr'><strong>referenda</strong></span> <span class='ocrx_word' id='word_1_153' title='bbox 582 1946 652 1998; x_wconf 88' lang='lat' dir='ltr'><strong>sunt</strong></span> <span class='ocrx_word' id='word_1_154' title='bbox 671 1939 779 2000; x_wconf 88' lang='lat' dir='ltr'><strong>omnia.</strong></span> <span class='ocrx_word' id='word_1_155' title='bbox 810 1939 885 2000; x_wconf 91' lang='lat' dir='ltr'><strong>Nam</strong></span> <span class='ocrx_word' id='word_1_156' title='bbox 904 1946 933 1999; x_wconf 91' lang='lat' dir='ltr'><strong>et</strong></span> <span class='ocrx_word' id='word_1_157' title='bbox 952 1937 1001 2017; x_wconf 86' lang='lat' dir='ltr'><strong>qni</strong></span> <span class='ocrx_word' id='word_1_158' title='bbox 1021 1937 1222 2016; x_wconf 82' lang='lat' dir='ltr'><strong>gratificantur</strong></span> 
     </span>
    </p>

    <p class='ocr_par' dir='ltr' id='par_1_9' title="bbox 159 2021 1220 2104">
     <span class='ocr_line' id='line_1_19' title="bbox 159 2021 1220 2104; baseline -0.005 -18"><span class='ocrx_word' id='word_1_159' title='bbox 159 2023 284 2104; x_wconf 89' lang='lat' dir='ltr'><strong>cuipiam</strong></span> <span class='ocrx_word' id='word_1_160' title='bbox 300 2023 381 2102; x_wconf 86' lang='lat' dir='ltr'><strong>quod</strong></span> <span class='ocrx_word' id='word_1_161' title='bbox 396 2022 474 2083; x_wconf 89' lang='lat' dir='ltr'><strong>obsit</strong></span> <span class='ocrx_word' id='word_1_162' title='bbox 489 2022 541 2096; x_wconf 88' lang='lat' dir='ltr'><strong>illi,</strong></span> <span class='ocrx_word' id='word_1_163' title='bbox 562 2022 608 2084; x_wconf 88' lang='lat' dir='ltr'><strong>cni</strong></span> <span class='ocrx_word' id='word_1_164' title='bbox 623 2025 769 2101; x_wconf 84' lang='lat' dir='ltr'><strong>prodesse</strong></span> <span class='ocrx_word' id='word_1_165' title='bbox 783 2024 854 2085; x_wconf 88' lang='lat' dir='ltr'><strong>velle</strong></span> <span class='ocrx_word' id='word_1_166' title='bbox 867 2023 1031 2095; x_wconf 86' lang='lat' dir='ltr'><strong>videantur,</strong></span> <span class='ocrx_word' id='word_1_167' title='bbox 1052 2039 1114 2082; x_wconf 94' lang='lat' dir='ltr'><strong>non</strong></span> <span class='ocrx_word' id='word_1_168' title='bbox 1128 2021 1220 2082; x_wconf 91' lang='lat' dir='ltr'><strong>hene·</strong></span> 
     </span>
    </p>

    <p class='ocr_par' dir='ltr' id='par_1_10' title="bbox 159 2106 1221 2187">
     <span class='ocr_line' id='line_1_20' title="bbox 159 2106 1221 2187; baseline -0.004 -17"><span class='ocrx_word' id='word_1_169' title='bbox 159 2109 206 2170; x_wconf 89' lang='lat' dir='ltr'><strong>lici</strong></span> <span class='ocrx_word' id='word_1_170' title='bbox 221 2125 315 2187; x_wconf 87' lang='lat' dir='ltr'><strong>neque</strong></span> <span class='ocrx_word' id='word_1_171' title='bbox 329 2107 475 2182; x_wconf 84' lang='lat' dir='ltr'><strong>liberales,</strong></span> <span class='ocrx_word' id='word_1_172' title='bbox 495 2108 546 2169; x_wconf 89' lang='lat' dir='ltr'><strong>sed</strong></span> <span class='ocrx_word' id='word_1_173' title='bbox 561 2107 720 2187; x_wconf 89' lang='lat' dir='ltr'><strong>perniciosi</strong></span> <span class='ocrx_word' id='word_1_174' title='bbox 735 2115 930 2170; x_wconf 86' lang='lat' dir='ltr'><strong>assentatores</strong></span> <span class='ocrx_word' id='word_1_175' title='bbox 945 2106 1093 2169; x_wconf 88' lang='lat' dir='ltr'><strong>iudicandi</strong></span> <span class='ocrx_word' id='word_1_176' title='bbox 1108 2113 1221 2167; x_wconf 90' lang='lat' dir='ltr'><strong>suntet</strong></span> 
     </span>
    </p>

    <p class='ocr_par' dir='ltr' id='par_1_11' title="bbox 160 2191 1220 2274">
     <span class='ocr_line' id='line_1_21' title="bbox 160 2191 1220 2274; baseline -0.003 -19"><span class='ocrx_word' id='word_1_177' title='bbox 160 2193 210 2274; x_wconf 90' lang='lat' dir='ltr'><strong>qui</strong></span> <span class='ocrx_word' id='word_1_178' title='bbox 224 2193 288 2254; x_wconf 90' lang='lat' dir='ltr'><strong>aliis</strong></span> <span class='ocrx_word' id='word_1_179' title='bbox 302 2200 423 2265; x_wconf 89' lang='lat' dir='ltr'><strong>nocent,</strong></span> <span class='ocrx_word' id='word_1_180' title='bbox 444 2201 476 2253; x_wconf 91' lang='lat' dir='ltr'><strong>ut</strong></span> <span class='ocrx_word' id='word_1_181' title='bbox 491 2193 521 2253; x_wconf 93' lang='lat' dir='ltr'><strong>in</strong></span> <span class='ocrx_word' id='word_1_182' title='bbox 536 2193 609 2254; x_wconf 91' lang='lat' dir='ltr'><strong>alios</strong></span> <span class='ocrx_word' id='word_1_183' title='bbox 629 2192 763 2254; x_wconf 88' lang='lat' dir='ltr'><strong>liberales</strong></span> <span class='ocrx_word' id='word_1_184' title='bbox 786 2192 860 2266; x_wconf 89' lang='lat' dir='ltr'><strong>sint,</strong></span> <span class='ocrx_word' id='word_1_185' title='bbox 880 2194 911 2254; x_wconf 94' lang='lat' dir='ltr'><strong>in</strong></span> <span class='ocrx_word' id='word_1_186' title='bbox 931 2192 1031 2253; x_wconf 89' lang='lat' dir='ltr'><strong>eadem</strong></span> <span class='ocrx_word' id='word_1_187' title='bbox 1052 2200 1123 2253; x_wconf 89' lang='lat' dir='ltr'><strong>sunt</strong></span> <span class='ocrx_word' id='word_1_188' title='bbox 1141 2191 1220 2252; x_wconf 90' lang='lat' dir='ltr'><strong>iniu-</strong></span> 
     </span>
    </p>

    <p class='ocr_par' dir='ltr' id='par_1_12' title="bbox 105 2275 1220 2351">
     <span class='ocr_line' id='line_1_22' title="bbox 105 2275 1220 2351; baseline -0.001 -14"><span class='ocrx_word' id='word_1_189' title='bbox 105 2288 138 2337; x_wconf 81' lang='grc'><strong>43</strong></span> <span class='ocrx_word' id='word_1_190' title='bbox 156 2278 247 2351; x_wconf 88' lang='lat' dir='ltr'><strong>stitia,</strong></span> <span class='ocrx_word' id='word_1_191' title='bbox 268 2285 301 2338; x_wconf 92' lang='lat' dir='ltr'><strong>ut</strong></span> <span class='ocrx_word' id='word_1_192' title='bbox 316 2277 341 2339; x_wconf 90' lang='lat' dir='ltr'><strong>si</strong></span> <span class='ocrx_word' id='word_1_193' title='bbox 357 2278 387 2337; x_wconf 92' lang='lat' dir='ltr'><strong>in</strong></span> <span class='ocrx_word' id='word_1_194' title='bbox 407 2296 493 2339; x_wconf 87' lang='lat' dir='ltr'><strong>suam</strong></span> <span class='ocrx_word' id='word_1_195' title='bbox 512 2296 578 2338; x_wconf 92' lang='lat' dir='ltr'><strong>rem</strong></span> <span class='ocrx_word' id='word_1_196' title='bbox 596 2278 690 2339; x_wconf 88' lang='lat' dir='ltr'><strong>aliena</strong></span> <span class='ocrx_word' id='word_1_197' title='bbox 711 2286 890 2340; x_wconf 87' lang='lat' dir='ltr'><strong>convertant.</strong></span> <span class='ocrx_word' id='word_1_198' title='bbox 923 2277 998 2338; x_wconf 89' lang='lat' dir='ltr'><strong>Sunt</strong></span> <span class='ocrx_word' id='word_1_199' title='bbox 1019 2285 1116 2339; x_wconf 89' lang='lat' dir='ltr'><strong>autem</strong></span> <span class='ocrx_word' id='word_1_200' title='bbox 1135 2275 1220 2337; x_wconf 89' lang='lat' dir='ltr'><strong>multi</strong></span> 
     </span>
    </p>

    <p class='ocr_par' dir='ltr' id='par_1_13' title="bbox 51 2360 1220 2449">
     <span class='ocr_line' id='line_1_23' title="bbox 154 2360 1220 2443; baseline -0.003 -18.352"><span class='ocrx_word' id='word_1_201' title='bbox 154 2362 321 2443; x_wconf 82' lang='lat' dir='ltr'><strong>etquidem</strong></span> <span class='ocrx_word' id='word_1_202' title='bbox 341 2362 442 2441; x_wconf 87' lang='lat' dir='ltr'><strong>cupidi</strong></span> <span class='ocrx_word' id='word_1_203' title='bbox 462 2363 628 2442; x_wconf 92' lang='lat' dir='ltr'><strong>splendoris</strong></span> <span class='ocrx_word' id='word_1_204' title='bbox 649 2371 678 2424; x_wconf 92' lang='lat' dir='ltr'><strong>et</strong></span> <span class='ocrx_word' id='word_1_205' title='bbox 697 2361 818 2441; x_wconf 79' lang='lat' dir='ltr'><strong>gloriae,</strong></span> <span class='ocrx_word' id='word_1_206' title='bbox 839 2363 889 2442; x_wconf 91' lang='lat' dir='ltr'><strong>qui</strong></span> <span class='ocrx_word' id='word_1_207' title='bbox 909 2362 1036 2442; x_wconf 89' lang='lat' dir='ltr'><strong>eripiunt</strong></span> <span class='ocrx_word' id='word_1_208' title='bbox 1054 2361 1118 2422; x_wconf 84' lang='lat' dir='ltr'><strong>aliis</strong></span> <span class='ocrx_word' id='word_1_209' title='bbox 1139 2360 1220 2440; x_wconf 88' lang='lat' dir='ltr'><strong>quod</strong></span> 
     </span>
    </p>

    <p class='ocr_par' dir='ltr' id='par_1_14' title="bbox 28 2445 1220 2535">
     <span class='ocr_line' id='line_1_24' title="bbox 28 2445 1220 2535; baseline -0.005 -23"><span class='ocrx_word' id='word_1_210' title='bbox 28 2504 39 2517; x_wconf 90' lang='grc'><strong>,,</strong></span> <span class='ocrx_word' id='word_1_211' title='bbox 69 2502 100 2535; x_wconf 33' lang='grc'><strong>,1,</strong></span> <span class='ocrx_word' id='word_1_212' title='bbox 113 2496 124 2523; x_wconf 80' lang='lat'><strong>,</strong></span> <span class='ocrx_word' id='word_1_213' title='bbox 153 2448 216 2511; x_wconf 88' lang='lat' dir='ltr'><strong>aliis</strong></span> <span class='ocrx_word' id='word_1_214' title='bbox 231 2448 401 2525; x_wconf 83' lang='lat' dir='ltr'><strong>largiantur,</strong></span> <span class='ocrx_word' id='word_1_215' title='bbox 416 2447 494 2528; x_wconf 91' lang='lat' dir='ltr'><strong>iique</strong></span> <span class='ocrx_word' id='word_1_216' title='bbox 508 2447 687 2509; x_wconf 88' lang='lat' dir='ltr'><strong>arbitrantur</strong></span> <span class='ocrx_word' id='word_1_217' title='bbox 702 2467 735 2509; x_wconf 90' lang='lat' dir='ltr'><strong>se</strong></span> <span class='ocrx_word' id='word_1_218' title='bbox 749 2447 897 2509; x_wconf 87' lang='lat' dir='ltr'><strong>beneficos</strong></span> <span class='ocrx_word' id='word_1_219' title='bbox 913 2447 943 2508; x_wconf 92' lang='lat' dir='ltr'><strong>in</strong></span> <span class='ocrx_word' id='word_1_220' title='bbox 959 2465 1032 2508; x_wconf 90' lang='lat' dir='ltr'><strong>suos</strong></span> <span class='ocrx_word' id='word_1_221' title='bbox 1048 2447 1160 2507; x_wconf 88' lang='lat' dir='ltr'><strong>amicos</strong></span> <span class='ocrx_word' id='word_1_222' title='bbox 1175 2445 1220 2506; x_wconf 90' lang='lat' dir='ltr'><strong>vi-</strong></span> 
     </span>
    </p>

    <p class='ocr_par' dir='ltr' id='par_1_15' title="bbox 27 2532 1219 2625">
     <span class='ocr_line' id='line_1_25' title="bbox 27 2532 1219 2625; baseline -0.004 -29"><span class='ocrx_word' id='word_1_223' title='bbox 27 2534 45 2625; x_wconf 41' lang='lat' dir='ltr'><strong>”l</strong></span> <span class='ocrx_word' id='word_1_224' title='bbox 72 2548 117 2583; x_wconf 53' lang='lat' dir='ltr'><strong>rt</strong></span> <span class='ocrx_word' id='word_1_225' title='bbox 155 2552 221 2596; x_wconf 90' lang='lat' dir='ltr'><strong>sum</strong></span> <span class='ocrx_word' id='word_1_226' title='bbox 238 2534 283 2607; x_wconf 94' lang='lat' dir='ltr'><strong>iri,</strong></span> <span class='ocrx_word' id='word_1_227' title='bbox 298 2534 323 2593; x_wconf 92' lang='lat' dir='ltr'><strong>si</strong></span> <span class='ocrx_word' id='word_1_228' title='bbox 338 2533 516 2612; x_wconf 88' lang='lat' dir='ltr'><strong>locupletent</strong></span> <span class='ocrx_word' id='word_1_229' title='bbox 529 2552 581 2593; x_wconf 91' lang='lat' dir='ltr'><strong>eos</strong></span> <span class='ocrx_word' id='word_1_230' title='bbox 598 2551 782 2613; x_wconf 84' lang='lat' dir='ltr'><strong>quacumque</strong></span> <span class='ocrx_word' id='word_1_231' title='bbox 793 2532 915 2594; x_wconf 88' lang='lat' dir='ltr'><strong>ratione.</strong></span> <span class='ocrx_word' id='word_1_232' title='bbox 942 2532 975 2593; x_wconf 95' lang='lat' dir='ltr'><strong>ld</strong></span> <span class='ocrx_word' id='word_1_233' title='bbox 991 2540 1089 2593; x_wconf 89' lang='lat' dir='ltr'><strong>autem</strong></span> <span class='ocrx_word' id='word_1_234' title='bbox 1104 2537 1219 2592; x_wconf 88' lang='lat' dir='ltr'><strong>tanturn</strong></span> 
     </span>
    </p>
   </div>
   <div class='ocr_carea' id='block_1_3' title="bbox 34 2702 1219 2903">
    <p class='ocr_par' dir='ltr' id='par_1_16' title="bbox 34 2702 1219 2903">
     <span class='ocr_line' id='line_1_26' title="bbox 34 2702 1059 2768; baseline -0.001 -16"><span class='ocrx_word' id='word_1_235' title='bbox 34 2716 38 2721; x_wconf 84' lang='grc'><em>·</em></span> <span class='ocrx_word' id='word_1_236' title='bbox 131 2702 187 2764; x_wconf 66' lang='grc'><strong>,48</strong></span> <span class='ocrx_word' id='word_1_237' title='bbox 204 2717 261 2752; x_wconf 87' lang='lat' dir='ltr'><strong>cam</strong></span> <span class='ocrx_word' id='word_1_238' title='bbox 280 2704 494 2768; x_wconf 78' lang='lat' dir='ltr'><strong>vituperationem</strong></span> <span class='ocrx_word' id='word_1_239' title='bbox 513 2702 656 2754; x_wconf 76' lang='lat' dir='ltr'><strong>invenictis.</strong></span> <span class='ocrx_word' id='word_1_240' title='bbox 712 2705 821 2767; x_wconf 56' lang='lat' dir='ltr'><strong>adaque</strong></span> <span class='ocrx_word' id='word_1_241' title='bbox 833 2703 1059 2752; x_wconf 75' lang='lat' dir='ltr'><strong>earamnaeet‘tnr.</strong></span> 
     </span>
     <span class='ocr_line' id='line_1_27' title="bbox 188 2768 1219 2833; baseline -0.001 -14"><span class='ocrx_word' id='word_1_242' title='bbox 188 2768 229 2819; x_wconf 81' lang='lat'><strong>41.</strong></span> <span class='ocrx_word' id='word_1_243' title='bbox 247 2768 584 2833; x_wconf 77' lang='lat' dir='ltr'><strong>poibasuorbindemitata&#39;.</strong></span> <span class='ocrx_word' id='word_1_244' title='bbox 746 2783 805 2820; x_wconf 87' lang='lat' dir='ltr'><strong>cam</strong></span> <span class='ocrx_word' id='word_1_245' title='bbox 824 2773 952 2820; x_wconf 64' lang='lat' dir='ltr'><strong>ammo:</strong></span> <span class='ocrx_word' id='word_1_246' title='bbox 981 2772 1096 2820; x_wconf 67' lang='lat' dir='ltr'><strong>manime</strong></span> <span class='ocrx_word' id='word_1_247' title='bbox 1120 2768 1154 2818; x_wconf 85' lang='lat' dir='ltr'><strong>ist</strong></span> <span class='ocrx_word' id='word_1_248' title='bbox 1174 2768 1219 2819; x_wconf 90' lang='lat' dir='ltr'><strong>mit</strong></span> 
     </span>
     <span class='ocr_line' id='line_1_28' title="bbox 187 2834 1216 2903; baseline 0 -18"><span class='ocrx_word' id='word_1_249' title='bbox 187 2838 232 2903; x_wconf 79' lang='lat' dir='ltr'><strong>poi</strong></span> <span class='ocrx_word' id='word_1_250' title='bbox 239 2837 383 2886; x_wconf 80' lang='lat' dir='ltr'><strong>ttaiobent:</strong></span> <span class='ocrx_word' id='word_1_251' title='bbox 392 2834 458 2884; x_wconf 87' lang='lat' dir='ltr'><strong>Sene</strong></span> <span class='ocrx_word' id='word_1_252' title='bbox 494 2835 658 2901; x_wconf 74' lang='lat' dir='ltr'><strong>debenoldll,</strong></span> <span class='ocrx_word' id='word_1_253' title='bbox 714 2852 773 2888; x_wconf 84' lang='lat' dir='ltr'><strong>eam</strong></span> <span class='ocrx_word' id='word_1_254' title='bbox 788 2853 821 2886; x_wconf 90' lang='lat' dir='ltr'><strong>zu</strong></span> <span class='ocrx_word' id='word_1_255' title='bbox 832 2837 983 2899; x_wconf 81' lang='lat' dir='ltr'><strong>vorbinden3</strong></span> <span class='ocrx_word' id='word_1_256' title='bbox 1000 2837 1052 2900; x_wconf 82' lang='lat' dir='ltr'>vgl.</span> <span class='ocrx_word' id='word_1_257' title='bbox 1066 2852 1089 2886; x_wconf 89' lang='lat' dir='ltr'><strong>z.</strong></span> <span class='ocrx_word' id='word_1_258' title='bbox 1099 2836 1129 2899; x_wconf 91' lang='lat' dir='ltr'><strong>ll,</strong></span> <span class='ocrx_word' id='word_1_259' title='bbox 1141 2836 1164 2897; x_wconf 84' lang='lat'><strong>7,</strong></span> <span class='ocrx_word' id='word_1_260' title='bbox 1175 2834 1216 2885; x_wconf 81' lang='lat'><strong>23.</strong></span> 
     </span>
    </p>
   </div>
   <div class='ocr_carea' id='block_1_4' title="bbox 154 2895 1284 3376">
    <p class='ocr_par' dir='ltr' id='par_1_17' title="bbox 154 2895 1218 3036">
     <span class='ocr_line' id='line_1_29' title="bbox 154 2895 1218 3036; baseline 0.001 -15"><span class='ocrx_word' id='word_1_261' title='bbox 154 2903 236 2971; x_wconf 53' lang='lat'><strong>²²¹³*</strong></span> <span class='ocrx_word' id='word_1_262' title='bbox 255 2919 353 2966; x_wconf 60' lang='lat' dir='ltr'><strong>‘W’</strong></span> <span class='ocrx_word' id='word_1_263' title='bbox 371 2903 483 2970; x_wconf 43' lang='grc' dir='ltr'><strong>ΜΝ</strong></span> <span class='ocrx_word' id='word_1_264' title='bbox 544 2907 655 2972; x_wconf 63' lang='lat' dir='ltr'><strong>rasolo,</strong></span> <span class='ocrx_word' id='word_1_265' title='bbox 712 2895 1218 3036; x_wconf 53' lang='lat' dir='ltr'><strong>,allsillalllgztlltldllz</strong></span> 
     </span>
    </p>

    <p class='ocr_par' dir='ltr' id='par_1_18' title="bbox 710 3011 1284 3376">
     <span class='ocr_line' id='line_1_30' title="bbox 712 3011 1284 3104; baseline -0.003 -13"><span class='ocrx_word' id='word_1_266' title='bbox 712 3011 1140 3104; x_wconf 59' lang='lat' dir='ltr'><strong>Wohlthttigkeiterleidet(cll),</strong></span> <span class='ocrx_word' id='word_1_267' title='bbox 1153 3041 1218 3089; x_wconf 75' lang='lat' dir='ltr'><strong>rann</strong></span> <span class='ocrx_word' id='word_1_268' title='bbox 1274 3053 1284 3082; x_wconf 75' lang='grc' dir='ltr'><strong>ι-</strong></span> 
     </span>
     <span class='ocr_line' id='line_1_31' title="bbox 711 3105 1221 3175; baseline -0.002 -18"><span class='ocrx_word' id='word_1_269' title='bbox 711 3108 775 3157; x_wconf 84' lang='lat' dir='ltr'><strong>wird</strong></span> <span class='ocrx_word' id='word_1_270' title='bbox 788 3109 901 3175; x_wconf 80' lang='lat' dir='ltr'><strong>gezeigt,</strong></span> <span class='ocrx_word' id='word_1_271' title='bbox 916 3109 965 3158; x_wconf 88' lang='lat' dir='ltr'><strong>wic</strong></span> <span class='ocrx_word' id='word_1_272' title='bbox 978 3109 1015 3158; x_wconf 83' lang='lat' dir='ltr'><strong>sie</strong></span> <span class='ocrx_word' id='word_1_273' title='bbox 1028 3109 1080 3158; x_wconf 88' lang='lat' dir='ltr'><strong>sich</strong></span> <span class='ocrx_word' id='word_1_274' title='bbox 1093 3123 1164 3157; x_wconf 83' lang='lat' dir='ltr'><strong>zwnr</strong></span> <span class='ocrx_word' id='word_1_275' title='bbox 1174 3105 1221 3157; x_wconf 83' lang='lat' dir='ltr'><strong>auf</strong></span> 
     </span>
     <span class='ocr_line' id='line_1_32' title="bbox 711 3175 1218 3239; baseline -0.004 -13"><span class='ocrx_word' id='word_1_276' title='bbox 711 3175 785 3239; x_wconf 81' lang='lat' dir='ltr'><strong>Alle,</strong></span> <span class='ocrx_word' id='word_1_277' title='bbox 807 3177 848 3226; x_wconf 87' lang='lat' dir='ltr'><strong>die</strong></span> <span class='ocrx_word' id='word_1_278' title='bbox 869 3177 937 3227; x_wconf 84' lang='lat' dir='ltr'><strong>nicht</strong></span> <span class='ocrx_word' id='word_1_279' title='bbox 950 3177 1026 3239; x_wconf 84' lang='lat' dir='ltr'><strong>jeder</strong></span> <span class='ocrx_word' id='word_1_280' title='bbox 1036 3175 1141 3238; x_wconf 73' lang='lat' dir='ltr'><strong>&#39;l&#39;ugend</strong></span> <span class='ocrx_word' id='word_1_281' title='bbox 1156 3175 1218 3225; x_wconf 82' lang='lat' dir='ltr'><strong>baar</strong></span> 
     </span>
     <span class='ocr_line' id='line_1_33' title="bbox 711 3241 1216 3309; baseline -0.004 -16"><span class='ocrx_word' id='word_1_282' title='bbox 711 3244 779 3307; x_wconf 84' lang='lat' dir='ltr'><strong>sind,</strong></span> <span class='ocrx_word' id='word_1_283' title='bbox 800 3260 833 3293; x_wconf 88' lang='lat' dir='ltr'><strong>zu</strong></span> <span class='ocrx_word' id='word_1_284' title='bbox 849 3245 997 3295; x_wconf 80' lang='lat' dir='ltr'><strong>erstreclren</strong></span> <span class='ocrx_word' id='word_1_285' title='bbox 1012 3246 1066 3309; x_wconf 85' lang='lat' dir='ltr'><strong>hat,</strong></span> <span class='ocrx_word' id='word_1_286' title='bbox 1086 3242 1149 3292; x_wconf 81' lang='lat' dir='ltr'><strong>aber</strong></span> <span class='ocrx_word' id='word_1_287' title='bbox 1160 3241 1216 3292; x_wconf 86' lang='lat' dir='ltr'><strong>cine</strong></span> 
     </span>
     <span class='ocr_line' id='line_1_34' title="bbox 710 3311 1259 3376; baseline -0.009 -14"><span class='ocrx_word' id='word_1_288' title='bbox 710 3313 891 3362; x_wconf 87' lang='lat' dir='ltr'><strong>verschiedene</strong></span> <span class='ocrx_word' id='word_1_289' title='bbox 901 3312 955 3362; x_wconf 87' lang='lat' dir='ltr'><strong>sein</strong></span> <span class='ocrx_word' id='word_1_290' title='bbox 965 3327 1042 3375; x_wconf 83' lang='lat' dir='ltr'><strong>musa,</strong></span> <span class='ocrx_word' id='word_1_291' title='bbox 1052 3313 1081 3376; x_wconf 81' lang='lat' dir='ltr'><strong>je</strong></span> <span class='ocrx_word' id='word_1_292' title='bbox 1094 3311 1156 3360; x_wconf 75' lang='lat' dir='ltr'><strong>nacla</strong></span> <span class='ocrx_word' id='word_1_293' title='bbox 1169 3311 1217 3361; x_wconf 85' lang='lat' dir='ltr'><strong>den</strong></span> <span class='ocrx_word' id='word_1_294' title='bbox 1253 3349 1259 3355; x_wconf 69' lang='grc'><strong>,</strong></span> 
     </span>
    </p>
   </div>
   <div class='ocr_carea' id='block_1_5' title="bbox 85 2974 659 4057">
    <p class='ocr_par' dir='ltr' id='par_1_19' title="bbox 85 2974 659 4057">
     <span class='ocr_line' id='line_1_35' title="bbox 150 2974 536 3042; baseline -0.005 -18"><span class='ocrx_word' id='word_1_295' title='bbox 150 2976 291 3042; x_wconf 75' lang='lat' dir='ltr'><strong>perpetuos</strong></span> <span class='ocrx_word' id='word_1_296' title='bbox 301 2974 476 3023; x_wconf 62' lang='lat' dir='ltr'><strong>mercenarios</strong></span> <span class='ocrx_word' id='word_1_297' title='bbox 487 2974 536 3022; x_wconf 79' lang='lat' dir='ltr'><strong>elt.</strong></span> 
     </span>
     <span class='ocr_line' id='line_1_36' title="bbox 186 3038 657 3105; baseline -0.004 -14"><span class='ocrx_word' id='word_1_298' title='bbox 186 3043 262 3105; x_wconf 69' lang='lat' dir='ltr'><strong>tarta,</strong></span> <span class='ocrx_word' id='word_1_299' title='bbox 284 3041 309 3090; x_wconf 91' lang='lat' dir='ltr'><strong>d.</strong></span> <span class='ocrx_word' id='word_1_300' title='bbox 328 3041 346 3090; x_wconf 90' lang='lat' dir='ltr'><strong>i.</strong></span> <span class='ocrx_word' id='word_1_301' title='bbox 371 3040 566 3104; x_wconf 79' lang='lat' dir='ltr'><strong>rochtrniissiger</strong></span> <span class='ocrx_word' id='word_1_302' title='bbox 578 3038 657 3103; x_wconf 78' lang='lat' dir='ltr'><strong>Leon,</strong></span> 
     </span>
     <span class='ocr_line' id='line_1_37' title="bbox 152 3105 657 3173; baseline -0.002 -14"><span class='ocrx_word' id='word_1_303' title='bbox 152 3109 206 3159; x_wconf 80' lang='lat' dir='ltr'><strong>also</strong></span> <span class='ocrx_word' id='word_1_304' title='bbox 219 3108 367 3171; x_wconf 76' lang='lat' dir='ltr'><strong>Wohnung,</strong></span> <span class='ocrx_word' id='word_1_305' title='bbox 379 3106 516 3173; x_wconf 74' lang='lat' dir='ltr'><strong>Kleidung,</strong></span> <span class='ocrx_word' id='word_1_306' title='bbox 529 3105 657 3171; x_wconf 76' lang='lat' dir='ltr'><strong>Nehrung.</strong></span> 
     </span>
     <span class='ocr_line' id='line_1_38' title="bbox 139 3176 659 3244; baseline -0.006 -16"><span class='ocrx_word' id='word_1_307' title='bbox 139 3198 143 3209; x_wconf 80' lang='lat'><strong><em>¹</em></strong></span> <span class='ocrx_word' id='word_1_308' title='bbox 189 3176 279 3228; x_wconf 75' lang='lat' dir='ltr'><strong>Totius</strong></span> <span class='ocrx_word' id='word_1_309' title='bbox 289 3179 429 3228; x_wconf 59' lang='lat' dir='ltr'><strong>wirrahae</strong></span> <span class='ocrx_word' id='word_1_310' title='bbox 439 3176 517 3244; x_wconf 78' lang='lat' dir='ltr'><strong>nulla,</strong></span> <span class='ocrx_word' id='word_1_311' title='bbox 528 3192 578 3228; x_wconf 86' lang='lat' dir='ltr'><strong>von</strong></span> <span class='ocrx_word' id='word_1_312' title='bbox 590 3176 659 3226; x_wconf 80' lang='lat' dir='ltr'><strong>allen</strong></span> 
     </span>
     <span class='ocr_line' id='line_1_39' title="bbox 151 3242 658 3308; baseline 0 -14"><span class='ocrx_word' id='word_1_313' title='bbox 151 3245 232 3294; x_wconf 75' lang='lat' dir='ltr'><strong>Acten</strong></span> <span class='ocrx_word' id='word_1_314' title='bbox 242 3246 288 3294; x_wconf 84' lang='lat' dir='ltr'><strong>der</strong></span> <span class='ocrx_word' id='word_1_315' title='bbox 296 3242 519 3308; x_wconf 79' lang='lat' dir='ltr'><strong>Ungereelrtlglicit</strong></span> <span class='ocrx_word' id='word_1_316' title='bbox 530 3246 565 3295; x_wconf 83' lang='lat' dir='ltr'><strong>ist</strong></span> <span class='ocrx_word' id='word_1_317' title='bbox 574 3244 658 3294; x_wconf 81' lang='lat' dir='ltr'><strong>koine.</strong></span> 
     </span>
     <span class='ocr_line' id='line_1_40' title="bbox 151 3312 658 3364; baseline -0.002 -1"><span class='ocrx_word' id='word_1_318' title='bbox 151 3312 197 3364; x_wconf 87' lang='lat' dir='ltr'><strong>Um</strong></span> <span class='ocrx_word' id='word_1_319' title='bbox 221 3312 399 3363; x_wconf 85' lang='lat' dir='ltr'><strong>verschiedene</strong></span> <span class='ocrx_word' id='word_1_320' title='bbox 418 3312 499 3362; x_wconf 78' lang='lat' dir='ltr'><strong>Arten</strong></span> <span class='ocrx_word' id='word_1_321' title='bbox 522 3313 592 3362; x_wconf 88' lang='lat' dir='ltr'><strong>eines</strong></span> <span class='ocrx_word' id='word_1_322' title='bbox 612 3312 658 3363; x_wconf 80' lang='lat' dir='ltr'><strong>ab·</strong></span> 
     </span>
     <span class='ocr_line' id='line_1_41' title="bbox 148 3379 658 3443; baseline -0.006 -12"><span class='ocrx_word' id='word_1_323' title='bbox 148 3387 263 3431; x_wconf 83' lang='lat' dir='ltr'><strong>stracten</strong></span> <span class='ocrx_word' id='word_1_324' title='bbox 274 3379 380 3443; x_wconf 81' lang='lat' dir='ltr'><strong>Begriffs</strong></span> <span class='ocrx_word' id='word_1_325' title='bbox 392 3381 595 3443; x_wconf 84' lang='lat' dir='ltr'><strong>ouszudriicken,</strong></span> <span class='ocrx_word' id='word_1_326' title='bbox 612 3380 658 3429; x_wconf 88' lang='lat' dir='ltr'><strong>be·</strong></span> 
     </span>
     <span class='ocr_line' id='line_1_42' title="bbox 145 3446 658 3511; baseline 0 -14"><span class='ocrx_word' id='word_1_327' title='bbox 145 3449 220 3500; x_wconf 86' lang='lat' dir='ltr'><strong>dicut</strong></span> <span class='ocrx_word' id='word_1_328' title='bbox 229 3449 281 3498; x_wconf 82' lang='lat' dir='ltr'><strong>sicu</strong></span> <span class='ocrx_word' id='word_1_329' title='bbox 292 3448 342 3498; x_wconf 88' lang='lat' dir='ltr'><strong>Cic.</strong></span> <span class='ocrx_word' id='word_1_330' title='bbox 356 3448 486 3498; x_wconf 86' lang='lat' dir='ltr'><strong>entweder</strong></span> <span class='ocrx_word' id='word_1_331' title='bbox 495 3449 539 3498; x_wconf 87' lang='lat' dir='ltr'><strong>des</strong></span> <span class='ocrx_word' id='word_1_332' title='bbox 548 3446 658 3511; x_wconf 83' lang='lat' dir='ltr'><strong>Plurals,</strong></span> 
     </span>
     <span class='ocr_line' id='line_1_43' title="bbox 148 3514 656 3635; baseline -0.004 -68"><span class='ocrx_word' id='word_1_333' title='bbox 148 3516 214 3635; x_wconf 53' lang='grc' dir='ltr'><strong>ῗλὸ</strong></span> <span class='ocrx_word' id='word_1_334' title='bbox 218 3516 400 3582; x_wconf 77' lang='lat' dir='ltr'><strong>fortitudines.</strong></span> <span class='ocrx_word' id='word_1_335' title='bbox 423 3514 487 3581; x_wconf 67' lang='lat'><strong>§.19</strong></span> <span class='ocrx_word' id='word_1_336' title='bbox 499 3515 577 3565; x_wconf 72' lang='lat' dir='ltr'><strong>inulti</strong></span> <span class='ocrx_word' id='word_1_337' title='bbox 586 3514 656 3566; x_wconf 82' lang='lat' dir='ltr'><strong>rodi·</strong></span> 
     </span>
     <span class='ocr_line' id='line_1_44' title="bbox 160 3584 655 3650; baseline -0.008 -14"><span class='ocrx_word' id='word_1_338' title='bbox 160 3602 201 3636; x_wconf 79' lang='grc' dir='ltr'><strong>ιιι.</strong></span> <span class='ocrx_word' id='word_1_339' title='bbox 219 3584 243 3650; x_wconf 66' lang='grc' dir='ltr'><strong>ξ.</strong></span> <span class='ocrx_word' id='word_1_340' title='bbox 257 3584 304 3634; x_wconf 86' lang='lat'><strong>103</strong></span> <span class='ocrx_word' id='word_1_341' title='bbox 317 3601 406 3637; x_wconf 82' lang='lat' dir='ltr'><strong>somno</strong></span> <span class='ocrx_word' id='word_1_342' title='bbox 418 3588 444 3633; x_wconf 83' lang='lat' dir='ltr'><strong>et</strong></span> <span class='ocrx_word' id='word_1_343' title='bbox 454 3586 581 3649; x_wconf 65' lang='lat' dir='ltr'><strong>auicolae</strong></span> <span class='ocrx_word' id='word_1_344' title='bbox 592 3587 655 3633; x_wconf 88' lang='lat' dir='ltr'><strong>cete·</strong></span> 
     </span>
     <span class='ocr_line' id='line_1_45' title="bbox 149 3652 656 3718; baseline -0.004 -14"><span class='ocrx_word' id='word_1_345' title='bbox 149 3656 195 3704; x_wconf 63' lang='lat' dir='ltr'><strong>aas.</strong></span> <span class='ocrx_word' id='word_1_346' title='bbox 226 3652 251 3718; x_wconf 67' lang='grc' dir='ltr'><strong>ξ.</strong></span> <span class='ocrx_word' id='word_1_347' title='bbox 264 3652 309 3702; x_wconf 88' lang='grc'><strong>131</strong></span> <span class='ocrx_word' id='word_1_348' title='bbox 335 3653 472 3703; x_wconf 81' lang='lat' dir='ltr'><strong>tarditates</strong></span> <span class='ocrx_word' id='word_1_349' title='bbox 489 3656 514 3702; x_wconf 83' lang='lat' dir='ltr'><strong>ta</strong></span> <span class='ocrx_word' id='word_1_350' title='bbox 532 3653 656 3717; x_wconf 75' lang='lat' dir='ltr'><strong>ingressa</strong></span> 
     </span>
     <span class='ocr_line' id='line_1_46' title="bbox 149 3718 655 3784; baseline -0.008 -11"><span class='ocrx_word' id='word_1_351' title='bbox 149 3720 286 3773; x_wconf 78' lang='lat' dir='ltr'><strong>molliores.</strong></span> <span class='ocrx_word' id='word_1_352' title='bbox 305 3719 344 3784; x_wconf 91' lang='lat' dir='ltr'><strong>lll,</strong></span> <span class='ocrx_word' id='word_1_353' title='bbox 356 3721 398 3782; x_wconf 86' lang='lat'><strong>21,</strong></span> <span class='ocrx_word' id='word_1_354' title='bbox 412 3718 444 3769; x_wconf 86' lang='grc'><strong>84</strong></span> <span class='ocrx_word' id='word_1_355' title='bbox 456 3720 544 3771; x_wconf 79' lang='lat' dir='ltr'><strong>diurni</strong></span> <span class='ocrx_word' id='word_1_356' title='bbox 549 3723 655 3770; x_wconf 81' lang='lat' dir='ltr'><strong>noctur-</strong></span> 
     </span>
     <span class='ocr_line' id='line_1_47' title="bbox 85 3787 655 3855; baseline -0.005 -16"><span class='ocrx_word' id='word_1_357' title='bbox 85 3806 90 3814; x_wconf 80' lang='grc'><strong><em>’</em></strong></span> <span class='ocrx_word' id='word_1_358' title='bbox 148 3791 225 3855; x_wconf 77' lang='lat' dir='ltr'><strong>nique</strong></span> <span class='ocrx_word' id='word_1_359' title='bbox 235 3793 333 3850; x_wconf 77' lang='lat' dir='ltr'><strong>metas,</strong></span> <span class='ocrx_word' id='word_1_360' title='bbox 356 3790 418 3838; x_wconf 88' lang='lat' dir='ltr'><strong>oder</strong></span> <span class='ocrx_word' id='word_1_361' title='bbox 429 3787 499 3837; x_wconf 88' lang='lat' dir='ltr'><strong>einer</strong></span> <span class='ocrx_word' id='word_1_362' title='bbox 512 3787 655 3840; x_wconf 85' lang='lat' dir='ltr'><strong>Umschrei-</strong></span> 
     </span>
     <span class='ocr_line' id='line_1_48' title="bbox 148 3855 653 3920; baseline -0.004 -14"><span class='ocrx_word' id='word_1_363' title='bbox 148 3856 215 3920; x_wconf 75' lang='lat' dir='ltr'><strong>hung</strong></span> <span class='ocrx_word' id='word_1_364' title='bbox 232 3856 277 3905; x_wconf 90' lang='lat' dir='ltr'><strong>mit</strong></span> <span class='ocrx_word' id='word_1_365' title='bbox 292 3860 373 3915; x_wconf 77' lang='lat' dir='ltr'><strong>onmis</strong></span> <span class='ocrx_word' id='word_1_366' title='bbox 390 3856 452 3905; x_wconf 88' lang='lat' dir='ltr'><strong>oder</strong></span> <span class='ocrx_word' id='word_1_367' title='bbox 464 3859 549 3906; x_wconf 76' lang='lat' dir='ltr'><strong>totus:</strong></span> <span class='ocrx_word' id='word_1_368' title='bbox 566 3856 597 3904; x_wconf 90' lang='lat' dir='ltr'><strong>de</strong></span> <span class='ocrx_word' id='word_1_369' title='bbox 611 3855 653 3904; x_wconf 87' lang='lat' dir='ltr'><strong>lin.</strong></span> 
     </span>
     <span class='ocr_line' id='line_1_49' title="bbox 148 3922 655 3988; baseline -0.002 -14"><span class='ocrx_word' id='word_1_370' title='bbox 148 3922 195 3988; x_wconf 92' lang='lat' dir='ltr'><strong>lV,</strong></span> <span class='ocrx_word' id='word_1_371' title='bbox 205 3924 250 3988; x_wconf 81' lang='lat'><strong>20,</strong></span> <span class='ocrx_word' id='word_1_372' title='bbox 264 3924 296 3973; x_wconf 78' lang='lat'><strong>57</strong></span> <span class='ocrx_word' id='word_1_373' title='bbox 314 3939 371 3973; x_wconf 83' lang='lat' dir='ltr'><strong>eam</strong></span> <span class='ocrx_word' id='word_1_374' title='bbox 384 3925 467 3974; x_wconf 77' lang='lat' dir='ltr'><strong>manis</strong></span> <span class='ocrx_word' id='word_1_375' title='bbox 479 3924 655 3975; x_wconf 73' lang='lat' dir='ltr'><strong>controversia</strong></span> 
     </span>
     <span class='ocr_line' id='line_1_50' title="bbox 149 3991 652 4057; baseline -0.004 -15"><span class='ocrx_word' id='word_1_376' title='bbox 149 3995 197 4042; x_wconf 82' lang='lat' dir='ltr'><strong>aut</strong></span> <span class='ocrx_word' id='word_1_377' title='bbox 207 3991 238 4042; x_wconf 85' lang='lat' dir='ltr'><strong>de</strong></span> <span class='ocrx_word' id='word_1_378' title='bbox 250 4006 278 4042; x_wconf 87' lang='lat' dir='ltr'><strong>ro</strong></span> <span class='ocrx_word' id='word_1_379' title='bbox 289 3991 370 4043; x_wconf 78' lang='lat' dir='ltr'><strong>soleat</strong></span> <span class='ocrx_word' id='word_1_380' title='bbox 383 3996 429 4042; x_wconf 83' lang='lat' dir='ltr'><strong>aot</strong></span> <span class='ocrx_word' id='word_1_381' title='bbox 441 3991 581 4043; x_wconf 65' lang='lat' dir='ltr'><strong>denotante</strong></span> <span class='ocrx_word' id='word_1_382' title='bbox 591 4007 652 4057; x_wconf 79' lang='lat' dir='ltr'><strong>erre,</strong></span> 
     </span>
    </p>
   </div>
   <div class='ocr_carea' id='block_1_6' title="bbox 710 3374 1378 3444">
    <p class='ocr_par' dir='ltr' id='par_1_20' title="bbox 710 3374 1378 3444">
     <span class='ocr_line' id='line_1_51' title="bbox 710 3374 1378 3444; baseline -0.012 -15"><span class='ocrx_word' id='word_1_383' title='bbox 710 3380 896 3444; x_wconf 79' lang='lat' dir='ltr'><strong>Bczielrungen,</strong></span> <span class='ocrx_word' id='word_1_384' title='bbox 917 3381 941 3429; x_wconf 88' lang='lat' dir='ltr'><strong>in</strong></span> <span class='ocrx_word' id='word_1_385' title='bbox 959 3381 1039 3429; x_wconf 88' lang='lat' dir='ltr'><strong>denen</strong></span> <span class='ocrx_word' id='word_1_386' title='bbox 1056 3380 1105 3428; x_wconf 88' lang='lat' dir='ltr'><strong>wir</strong></span> <span class='ocrx_word' id='word_1_387' title='bbox 1122 3395 1154 3428; x_wconf 88' lang='lat' dir='ltr'><strong>zu</strong></span> <span class='ocrx_word' id='word_1_388' title='bbox 1169 3380 1217 3429; x_wconf 78' lang='lat' dir='ltr'><strong>den</strong></span> <span class='ocrx_word' id='word_1_389' title='bbox 1283 3382 1287 3388; x_wconf 86' lang='lat'><em>&#39;</em></span> <span class='ocrx_word' id='word_1_390' title='bbox 1377 3374 1378 3405; x_wconf 66' lang='grc'><strong>1</strong></span> 
     </span>
    </p>
   </div>
   <div class='ocr_carea' id='block_1_7' title="bbox 707 3446 1217 4058">
    <p class='ocr_par' dir='ltr' id='par_1_21' title="bbox 708 3446 1217 3848">
     <span class='ocr_line' id='line_1_52' title="bbox 710 3446 1217 3512; baseline -0.01 -13"><span class='ocrx_word' id='word_1_391' title='bbox 710 3447 847 3499; x_wconf 80' lang='lat' dir='ltr'><strong>Einzelnen</strong></span> <span class='ocrx_word' id='word_1_392' title='bbox 862 3448 949 3498; x_wconf 86' lang='lat' dir='ltr'><strong>stehen</strong></span> <span class='ocrx_word' id='word_1_393' title='bbox 964 3448 1163 3512; x_wconf 76' lang='lat' dir='ltr'><strong>(Vcrplliclrtung</strong></span> <span class='ocrx_word' id='word_1_394' title='bbox 1171 3446 1217 3494; x_wconf 87' lang='lat' dir='ltr'><strong>der</strong></span> 
     </span>
     <span class='ocr_line' id='line_1_53' title="bbox 710 3512 1216 3581; baseline -0.006 -18"><span class='ocrx_word' id='word_1_395' title='bbox 710 3512 1216 3581; x_wconf 75' lang='lat' dir='ltr'><strong>Danklrnrlreit§.47ffi,allgemeinchr·</strong></span> 
     </span>
     <span class='ocr_line' id='line_1_54' title="bbox 710 3580 1215 3646; baseline -0.006 -14"><span class='ocrx_word' id='word_1_396' title='bbox 710 3582 819 3646; x_wconf 79' lang='lat' dir='ltr'><strong>lindung</strong></span> <span class='ocrx_word' id='word_1_397' title='bbox 830 3584 896 3634; x_wconf 84' lang='lat' dir='ltr'><strong>aller</strong></span> <span class='ocrx_word' id='word_1_398' title='bbox 908 3582 1042 3633; x_wconf 81' lang='lat' dir='ltr'><strong>Mensolren</strong></span> <span class='ocrx_word' id='word_1_399' title='bbox 1056 3581 1088 3630; x_wconf 83' lang='lat'><strong>50</strong></span> <span class='ocrx_word' id='word_1_400' title='bbox 1101 3580 1135 3640; x_wconf 82' lang='lat' dir='ltr'><strong>u,</strong></span> <span class='ocrx_word' id='word_1_401' title='bbox 1150 3580 1215 3630; x_wconf 90' lang='lat' dir='ltr'><strong>Ver·</strong></span> 
     </span>
     <span class='ocr_line' id='line_1_55' title="bbox 709 3647 1215 3712; baseline -0.002 -13"><span class='ocrx_word' id='word_1_402' title='bbox 709 3650 946 3712; x_wconf 83' lang='lat' dir='ltr'><strong>wondtsehalt53l.,</strong></span> <span class='ocrx_word' id='word_1_403' title='bbox 959 3647 1215 3711; x_wconf 71' lang='lat' dir='ltr'><strong>Froundsclaltdbl,</strong></span> 
     </span>
     <span class='ocr_line' id='line_1_56' title="bbox 708 3715 1215 3782; baseline -0.006 -14"><span class='ocrx_word' id='word_1_404' title='bbox 708 3720 889 3782; x_wconf 80' lang='lat' dir='ltr'><strong>gemeinsames</strong></span> <span class='ocrx_word' id='word_1_405' title='bbox 899 3718 1037 3769; x_wconf 83' lang='lat' dir='ltr'><strong>Vaterlnnd</strong></span> <span class='ocrx_word' id='word_1_406' title='bbox 1048 3717 1080 3767; x_wconf 78' lang='grc'><strong>51</strong></span> <span class='ocrx_word' id='word_1_407' title='bbox 1086 3715 1112 3781; x_wconf 84' lang='lat' dir='ltr'><strong>f,</strong></span> <span class='ocrx_word' id='word_1_408' title='bbox 1125 3717 1215 3766; x_wconf 75' lang='lat' dir='ltr'><strong>liusen-</strong></span> 
     </span>
     <span class='ocr_line' id='line_1_57' title="bbox 708 3786 949 3848; baseline 0 -13"><span class='ocrx_word' id='word_1_409' title='bbox 708 3802 736 3836; x_wconf 92' lang='lat' dir='ltr'><strong>re</strong></span> <span class='ocrx_word' id='word_1_410' title='bbox 750 3787 885 3838; x_wconf 76' lang='lat' dir='ltr'><strong>Umstdnde</strong></span> <span class='ocrx_word' id='word_1_411' title='bbox 898 3786 949 3848; x_wconf 80' lang='lat'><strong>58).</strong></span> 
     </span>
    </p>

    <p class='ocr_par' dir='ltr' id='par_1_22' title="bbox 707 3849 1215 4058">
     <span class='ocr_line' id='line_1_58' title="bbox 741 3849 1215 3916; baseline -0.004 -12"><span class='ocrx_word' id='word_1_412' title='bbox 741 3859 873 3906; x_wconf 65' lang='lat' dir='ltr'><strong>condones</strong></span> <span class='ocrx_word' id='word_1_413' title='bbox 891 3855 960 3904; x_wconf 80' lang='lat' dir='ltr'><strong>stelit</strong></span> <span class='ocrx_word' id='word_1_414' title='bbox 975 3854 1031 3916; x_wconf 72' lang='lat' dir='ltr'><strong>hier</strong></span> <span class='ocrx_word' id='word_1_415' title='bbox 1046 3853 1115 3903; x_wconf 84' lang='lat' dir='ltr'><strong>nicht</strong></span> <span class='ocrx_word' id='word_1_416' title='bbox 1131 3853 1163 3903; x_wconf 88' lang='lat' dir='ltr'><strong>im</strong></span> <span class='ocrx_word' id='word_1_417' title='bbox 1172 3849 1215 3915; x_wconf 88' lang='lat' dir='ltr'><strong>ju·</strong></span> 
     </span>
     <span class='ocr_line' id='line_1_59' title="bbox 707 3920 1215 3987; baseline -0.006 -16"><span class='ocrx_word' id='word_1_418' title='bbox 707 3922 922 3973; x_wconf 84' lang='lat' dir='ltr'><strong>ristischenSinne</strong></span> <span class='ocrx_word' id='word_1_419' title='bbox 934 3938 984 3973; x_wconf 90' lang='lat' dir='ltr'><strong>von</strong></span> <span class='ocrx_word' id='word_1_420' title='bbox 997 3920 1139 3987; x_wconf 81' lang='lat' dir='ltr'><strong>stipulatio,</strong></span> <span class='ocrx_word' id='word_1_421' title='bbox 1157 3935 1215 3970; x_wconf 84' lang='lat' dir='ltr'><strong>son·</strong></span> 
     </span>
     <span class='ocr_line' id='line_1_60' title="bbox 707 3989 1146 4058; baseline 0 -18"><span class='ocrx_word' id='word_1_422' title='bbox 707 3991 768 4040; x_wconf 88' lang='lat' dir='ltr'><strong>dern</strong></span> <span class='ocrx_word' id='word_1_423' title='bbox 780 3990 822 4041; x_wconf 82' lang='lat' dir='ltr'><strong>ldr</strong></span> <span class='ocrx_word' id='word_1_424' title='bbox 830 3989 930 4056; x_wconf 68' lang='lat' dir='ltr'><strong>idam</strong></span> <span class='ocrx_word' id='word_1_425' title='bbox 940 4007 1027 4044; x_wconf 70' lang='lat' dir='ltr'><strong>cauae</strong></span> <span class='ocrx_word' id='word_1_426' title='bbox 1036 3993 1146 4058; x_wconf 81' lang='lat' dir='ltr'><strong>oportet.</strong></span> 
     </span>
    </p>
   </div>
   <div class='ocr_carea' id='block_1_8' title="bbox 0 0 1392 4502">
    <p class='ocr_par' dir='ltr' id='par_1_23' title="bbox 0 0 1392 4502">
     <span class='ocr_line' id='line_1_61' title="bbox 0 0 1392 4502; baseline 0 3"><span class='ocrx_word' id='word_1_427' title='bbox 0 0 1392 4502; x_wconf 95' lang='lat' dir='ltr'><strong> </strong></span> 
     </span>
    </p>
   </div>
  </div>
 </body>
</html>
