2772 4504
187 313 248 376 198
616 309 660 360 ne
678 305 814 377 osricus

186 463 324 533 amittas?
353 465 428 539 Quid
449 473 494 526 est
508 463 588 546 quod
607 464 710 525 afferre
728 468 843 524 tantum
861 460 959 541 possit
971 459 1080 522 utilitas
1099 458 1156 521 ista
1172 474 1248 539 quise

186 553 305 625 dicitur,
332 558 472 630 quantum
493 551 618 624 auferre,
645 549 671 610 si
690 548 763 609 boni
777 546 831 609 viri
850 564 959 608 nomen
981 544 1133 625 eripuerit,
1158 545 1248 606 fidem

185 637 384 715 iustitiamque
403 632 581 698 detraxerit?
618 634 694 708 Quid
714 633 792 694 enim
811 632 932 694 interest
950 639 1050 692 utrum
1070 649 1106 692 ex
1124 630 1247 692 homine

185 742 218 785 se
233 729 381 784 convertat
396 722 461 800 quis
476 722 505 782 in
521 719 636 781 beluam
648 738 685 781 an
700 718 830 779 hominis
841 719 933 797 figura
944 716 1154 778 immanitatem
1166 724 1250 795 geret

184 805 306 869 beluae?

102 913 107 920 ·
126 897 167 957 21
272 890 375 966 Quid?
395 892 445 971 qui
466 890 565 958 omnia
584 897 662 950 recta
681 899 710 951 et
730 890 855 950 honesta
874 887 1045 967 neglegunt,
1065 887 1136 948 dum
1155 887 1248 948 modo

156 1012 159 1021 .
185 977 345 1058 potentiam
361 985 594 1055 consequantur,
613 992 713 1036 nonne
728 973 804 1035 idem
821 973 930 1035 iaciunt
944 972 1023 1052 quod
1038 972 1078 1045 is,
1095 970 1144 1051 qui
1159 971 1248 1034 etiam

186 1081 323 1124 socerum
349 1062 455 1124 hahere
481 1061 570 1122 voluit
590 1080 672 1132 eum,
700 1059 782 1121 cuius
802 1059 866 1138 ipse
886 1058 1002 1120 audacia
1021 1065 1128 1138 potens
1147 1054 1249 1119 esset?

185 1147 259 1211 Utile
279 1150 304 1208 ei
318 1147 473 1208 ridebatur
487 1145 645 1225 plurimum
662 1163 753 1224 posse
767 1144 887 1205 alterius
903 1143 1018 1206 invidia.
1048 1142 1079 1203 ld
1096 1160 1184 1222 quam
1200 1143 1249 1204 in-

185 1232 297 1294 iustum
311 1232 342 1292 in
357 1233 481 1311 patriam
499 1240 530 1305 et
542 1249 630 1311 quam
646 1239 731 1308 turpe
748 1237 774 1290 et
791 1248 877 1309 quam
892 1228 993 1291 inutile
1004 1237 1084 1289 esset
1094 1245 1156 1290 non
1166 1228 1248 1289 vide·

184 1317 243 1379 bat
269 1318 337 1398 lpse
353 1326 449 1379 autem
465 1335 552 1378 socer
565 1316 596 1376 in
608 1334 660 1377 ore
672 1333 790 1394 semper
801 1315 927 1377 Graecos
941 1332 1042 1375 versus
1053 1313 1089 1375 de
1100 1312 1248 1374 Phoenis-

186 1403 228 1463 sis
243 1403 374 1477 habebat,
389 1421 465 1483 quos
481 1401 575 1466 dicam
582 1408 622 1462 ut
633 1409 748 1481 potero,
764 1400 911 1462 incondite
923 1402 1058 1472 sonasse,
1075 1400 1127 1461 sed
1140 1405 1249 1474 tamen,

140 1535 154 1573 ,
184 1494 218 1547 ut
231 1506 281 1548 res
295 1488 392 1567 possit
406 1487 543 1565 intellegi:

285 1640 291 1663 ,
368 1588 445 1650 Nom
460 1593 487 1649 sl
499 1588 670 1650 violandum
684 1598 725 1650 est
738 1592 793 1659 ius,
809 1587 954 1667 repetendi
965 1590 1064 1667 pretio

52 1700 58 1707 ·
155 1638 320 1789 {jnlplltldl
374 1673 547 1736 Violondum
561 1683 616 1735 est:
632 1674 699 1735 eliis
712 1674 800 1735 relus
808 1673 1046 1754 po'etotemcolcs.
1090 1672 1091 1675 ’

187 1758 326 1871 Capiffs
341 1776 473 1838 Eteocles
488 1778 532 1837 vel
547 1776 646 1856 potius
662 1776 832 1856 Euripides‚'
850 1776 899 1856 qui
914 1774 942 1835 id
957 1794 1063 1850 unum,
1086 1776 1165 1856 quod
1178 1793 1250 1849 ‚om-

32 1917 41 1957 Ι
124 1874 165 1961 {3
186 1861 269 1923 nium
285 1861 542 1923 sceleratissimum
558 1861 652 1934 luerit,
667 1860 824 1941 exceperit!
852 1860 929 1933 Quid
943 1861 1031 1940 igitur
1041 1860 1154 1923 minuta
1166 1858 1267 1948 colli-⁸

46 1944 51 1961 ⁹
101 1949 153 2003 da
186 1946 298 2027 gimus,
313 1946 499 2021 hereditates,
514 1954 708 2019 mercaturas,
723 1946 907 2008 venditiones
924 1944 1143 2011 fraudulentas?
1172 1947 1250 2013 Ecce
1338 2009 1344 2017 ,

52 2038 125 2115 ’.5
186 2030 251 2103 tibi,
273 2032 321 2112 qui
340 2050 390 2092 rex
410 2032 511 2111 populi
526 2031 651 2093 Romani
672 2032 868 2111 dominusque
890 2032 1023 2092 omnium
1039 2032 1167 2111 gentium
1182 2051 1251 2092 esse

49 2108 55 2123 ¹
186 2116 386 2196 concupiverit
396 2115 483 2196 idque
494 2114 662 2196 perfecerit!
689 2117 770 2179 Hanc
782 2117 967 2197 cupiditatem
980 2118 1005 2178 si
1016 2117 1170 2178 honestam
1183 2118 1250 2197 quis

187 2220 252 2263 esse
272 2202 353 2275 dicit,
373 2219 475 2262 amens
491 2208 544 2262 est.
574 2201 683 2263 Probat
697 2203 775 2263 enim
790 2203 886 2280 legum
902 2211 930 2264 et
944 2201 1085 2264 libertatis
1101 2202 1250 2264 interitum

186 2305 345 2365 earumque
360 2286 584 2366 oppressionem
599 2294 721 2349 taetram
736 2294 764 2347 et
779 2288 975 2349 detestabilem
988 2288 1144 2368 gloriosam
1156 2295 1249 2368 putet.

186 2371 242 2445 Qui
261 2379 357 2432 autem
377 2372 483 2432 latetur
501 2373 657 2433 honesturn
672 2390 734 2434 non
750 2392 816 2435 esse
830 2373 860 2434 in
876 2392 909 2434 ea
925 2373 1049 2447 civitate,
1071 2392 1145 2454 quae
1161 2372 1248 2434 libera

131 2500 135 2504 »
184 2456 272 2519 luerit
286 2475 416 2536 quaeque
430 2476 496 2518 esse
512 2457 628 2530 debeat,
648 2477 784 2551 regnare,
800 2460 852 2519 sed
867 2458 907 2532 ei,
924 2458 974 2539 qui
990 2458 1019 2520 id
1034 2459 1128 2529 lacere
1142 2458 1248 2539 possit,

221 2608 261 2658 82,
287 2610 396 2660 dominis
406 2610 515 2674 figura.-
531 2613 557 2659 in
575 2609 609 2659 ist
621 2610 689 2660 nicht
743 2610 1247 2675 anderindemlogisohenVorhdltnisse

186 2677 282 2740 ndtliig.
307 2677 342 2727 Es
359 2677 393 2727 ist
411 2677 463 2726 dies
477 2678 516 2726 ein
528 2677 632 2728 Ablativ
644 2679 688 2729 des
743 2680 788 2728 des
807 2677 923 2730 Grundes
941 2681 991 2730 und
1010 2681 1056 2731 der
1075 2680 1167 2744 Felge‚
1187 2679 1248 2729 weil

185 2744 360 2808 liegleitenden
390 2744 551 2809 Umstdndes,
579 2747 630 2795 wie
660 2761 689 2795 er
743 2748 888 2811 ungereoht,
902 2748 977 2797 istos
991 2748 1142 2814 solrlmpllich
1156 2762 1245 2797 usw.

187 2811 240 2861 sich
256 2811 406 2861 namentlloh
423 2813 447 2861 in
458 2810 622 2862 Ausdriiclen
639 2814 688 2864 wie
743 2819 768 2865 et
780 2832 856 2881 qoam
875 2815 965 2866 mutilo
981 2814 1044 2865 tetlt
1059 2816 1084 2865 in
1102 2817 1148 2866 den
1162 2815 1246 2879 lldss,

184 2893 260 2947 paee,
276 2879 401 2946 petendo,
423 2879 512 2946 doctu,
535 2882 601 2932 dona
616 2884 689 2931 conio
742 2883 778 2933 ist
788 2883 849 2945 aher
862 2882 928 2931 nieht
945 2898 975 2935 zu
989 2881 1139 2947 entlrelrren‚
1157 2884 1189 2933 da
1201 2884 1247 2933 der

186 2953 234 2997 ete.
247 2946 339 3008 findet3
353 2963 373 2997 s.
384 2947 487 3010 Madvig
495 2948 518 3012 ξ.
526 2948 575 2998 257
586 2950 688 3000 Anm.5.
743 2950 803 3000 Satz
820 2949 912 3012 genade
931 2950 974 2998 das
991 2949 1054 2999 utile
1070 2954 1095 3000 ct
1114 2950 1247 3002 donatetur

220 3005 273 3065 21.
296 3018 319 3065 is
331 3018 385 3082 prii:
401 3014 549 3082 Pompeius,
567 3017 612 3066 der
624 3017 688 3067 iml.
742 3016 893 3080 widerlegen
907 3016 964 3066 soll.

187 3083 236 3132 695
247 3083 306 3146 (59),
317 3083 348 3133 47
359 3084 436 3134 lehre
445 3084 489 3150 alt,
502 3085 542 3134 die
552 3083 688 3149 ldjdhrige
776 3085 807 3136 de
827 3084 990 3134 Phoenissis:
1014 3084 1126 3150 Euripid.
1148 3085 1244 3136 Phoen.

186 3151 296 3202 Tochter
309 3150 415 3201 Ceessrs
427 3152 575 3203 heirathete.
743 3152 792 3203 524
814 3155 892 3221 εἴπερ
908 3146 961 3220 γὰρ
982 3145 1090 3203 ἀδικεῖν
1105 3170 1143 3235 χρ
1154 3148 1174 3215 ’,
1196 3166 1244 3203 τυ-

216 3220 359 3298 plore'mum
372 3236 451 3288 posse
462 3219 571 3271 alteritus
582 3221 687 3272 intr'dt'a.
744 3219 844 3291 ραννίδ
845 3238 874 3276 ος
885 3221 951 3288 πέρι
961 3215 1118 3272 Kdtnowv
1127 3172 1246 3287 olineto,

185 3285 228 3336 Ber
252 3286 298 3335 der
321 3287 493 3338 Aristolratie
516 3303 570 3338 wer
594 3288 689 3339 Caesar
742 3283 868 3339 rdlllad'
883 3284 1005 3355 εὐσεβεῖν
1043 3284 1119 3355 peda.
1294 3295 1301 3302 ”

185 3360 250 3407 stets
275 3355 321 3403 des
344 3356 517 3405 verhsssteste
544 3363 617 3407 noter
640 3357 687 3407 den
778 3357 819 3407 83.
850 3357 890 3408 cel
906 3360 996 3427 potius
1016 3306 1161 3426 lluript'des.
1197 3356 1262 3408 Mit‘

185 3419 345 3487 Triumvirn‚
358 3423 413 3473 dem
425 3423 511 3473 darum
524 3425 563 3474 die
577 3425 623 3474 den
638 3423 704 3490 ops
742 3424 853 3477 Unrccht
865 3428 973 3476 hotmen
993 3424 1032 3476 die
1046 3426 1125 3476 Stelle
1138 3425 1245 3489 corrigi-

184 3489 449 3543 timatenleindliclten
463 3492 626 3554 Besohliisse‚
640 3493 687 3543 wie
742 3508 787 3543 ren
808 3493 914 3558 wellen,
942 3494 1002 3545 well
1023 3494 1155 3561 Euripides
1177 3493 1246 3545 nicto

186 3575 208 3607 z.
221 3559 248 3609 B.
263 3560 303 3609 die
315 3559 485 3624 Verbonnung
496 3559 598 3610 Ciceros
610 3560 687 3611 ellein
741 3576 830 3625 wegen
864 3563 936 3611 einer
964 3561 1189 3625 Vertreetereolle
1219 3563 1245 3612 in

186 3627 248 3677 oder
265 3628 373 3678 cumeist
389 3643 436 3677 zur
447 3627 510 3678 last
521 3628 606 3691 gelegt
618 3643 686 3678 wur-
741 3629 823 3679 einern
845 3628 930 3679 seiner
951 3630 1045 3681 Stiiolre
1066 3631 1178 3682 strol'lrsr
1198 3645 1244 3695 ge-

185 3693 241 3744 den.
264 3693 443 3761 ObPompejus
456 3695 685 3746 wlrlrliclrouldie-
740 3696 831 3747 lunden
848 3698 950 3749 werden
971 3699 1062 3748 lilinne.
1092 3697 1142 3749 Cic.
1164 3698 1245 3750 todolt

185 3776 227 3811 ses
243 3762 420 3813 Verlrssstsein
439 3763 545 3814 Caesars
567 3764 688 3829 speculirt
741 3766 795 3827 ilio,
816 3767 866 3816 wic
887 3767 941 3815 dies
957 3766 1139 3834 Aristophanes
1160 3782 1189 3817 so
1206 3766 1245 3817 old

184 3830 235 3892 hat,
246 3844 315 3879 moss
327 3830 400 3879 delrio
412 3831 516 3892 gestellt
527 3831 634 3881 bleiben.
741 3833 809 3897 tlrnt,
828 3833 886 3883 weil
902 3849 951 3884 von
965 3835 1012 3884 ihm
1025 3836 1088 3885 doclr
1100 3835 1140 3885 die
1153 3850 1243 3885 unmo-

198 3928 202 3935 f
219 3912 296 3959 poma
312 3898 440 3947 iniust-um
450 3925 485 3934 -
498 3902 572 3965 turpe
582 3926 617 3935 -
628 3901 685 3950 ἐπα·
740 3901 848 3952 ralisclre
861 3901 970 3952 Sentenz
982 3904 1095 3968 ausgelrt

187 3960 237 4010 teta.
261 3962 306 4010 nte
323 3961 456 4026 Adjeotiva
473 3966 560 4015 stenen
582 3982 613 4014 zu
631 3967 685 4017 eln-
764 3970 867 4033 fecerit:
879 3967 909 4033 ll,
922 3968 963 4032 tt,
976 3970 1017 4022 84.
